,amount,direction,index_price,instrument_name,mark_price,price,tick_direction,timestamp,trade_id,trade_seq,liquidation
0,720.0,sell,11395.67,BTC-25SEP20,11565.23,11566.0,0.0,1597175996178.0,87940745,1694915.0,
1,50.0,sell,11395.67,BTC-25SEP20,11565.23,11565.5,2.0,1597175996181.0,87940747,1694917.0,
2,10.0,sell,11390.23,BTC-25SEP20,11560.01,11558.5,2.0,1597176003924.0,87940777,1694918.0,
3,30.0,sell,11390.23,BTC-25SEP20,11560.01,11558.5,3.0,1597176004438.0,87940810,1694919.0,
4,560.0,sell,11390.23,BTC-25SEP20,11560.01,11558.5,3.0,1597176004447.0,87940812,1694920.0,
5,380.0,sell,11386.99,BTC-25SEP20,11556.98,11558.5,3.0,1597176011157.0,87940871,1694921.0,
6,2490.0,sell,11386.99,BTC-25SEP20,11556.98,11556.5,3.0,1597176011160.0,87940876,1694925.0,
7,20.0,sell,11386.99,BTC-25SEP20,11556.98,11555.0,2.0,1597176011501.0,87940877,1694926.0,
8,500.0,sell,11386.99,BTC-25SEP20,11556.98,11550.0,0.0,1597176011509.0,87940883,1694932.0,
9,4310.0,buy,11383.97,BTC-25SEP20,11552.65,11552.5,0.0,1597176030011.0,87940935,1694936.0,
10,500.0,buy,11383.97,BTC-25SEP20,11552.65,11552.5,1.0,1597176030060.0,87940942,1694937.0,
11,3230.0,buy,11383.97,BTC-25SEP20,11552.65,11553.0,0.0,1597176030661.0,87940945,1694939.0,
12,3780.0,buy,11383.97,BTC-25SEP20,11552.65,11553.0,1.0,1597176030662.0,87940946,1694940.0,
13,4990.0,buy,11385.37,BTC-25SEP20,11554.04,11553.0,1.0,1597176031864.0,87940963,1694941.0,
14,400.0,sell,11387.12,BTC-25SEP20,11557.11,11557.5,0.0,1597176045771.0,87940994,1694943.0,
15,1200.0,sell,11384.3,BTC-25SEP20,11554.05,11553.0,2.0,1597176053323.0,87941019,1694944.0,
16,8270.0,sell,11384.3,BTC-25SEP20,11554.05,11553.0,3.0,1597176053574.0,87941020,1694945.0,
17,1080.0,sell,11382.1,BTC-25SEP20,11551.35,11549.5,2.0,1597176068652.0,87941047,1694946.0,
18,1000.0,sell,11381.92,BTC-25SEP20,11551.05,11549.5,3.0,1597176069883.0,87941048,1694947.0,
19,1100.0,buy,11382.31,BTC-25SEP20,11550.32,11550.0,0.0,1597176083988.0,87941060,1694948.0,
20,170.0,buy,11383.05,BTC-25SEP20,11550.49,11550.0,1.0,1597176096194.0,87941079,1694951.0,
21,1600.0,buy,11383.05,BTC-25SEP20,11550.49,11553.5,0.0,1597176096278.0,87941081,1694952.0,
22,4170.0,buy,11384.97,BTC-25SEP20,11552.57,11553.5,1.0,1597176098979.0,87941085,1694953.0,
23,25660.0,sell,11385.58,BTC-25SEP20,11553.34,11558.5,0.0,1597176101840.0,87941112,1694954.0,
24,8040.0,sell,11386.84,BTC-25SEP20,11555.76,11558.5,0.0,1597176106340.0,87941122,1694957.0,
25,1600.0,sell,11386.84,BTC-25SEP20,11555.76,11558.5,1.0,1597176106358.0,87941123,1694958.0,
26,10000.0,sell,11386.56,BTC-25SEP20,11555.86,11558.5,1.0,1597176108283.0,87941124,1694959.0,
27,6020.0,sell,11386.59,BTC-25SEP20,11556.06,11558.5,1.0,1597176109314.0,87941125,1694960.0,
28,10.0,sell,11386.23,BTC-25SEP20,11556.39,11558.5,1.0,1597176114529.0,87941131,1694962.0,
29,10000.0,sell,11386.23,BTC-25SEP20,11556.39,11557.5,2.0,1597176114668.0,87941132,1694963.0,
30,10.0,sell,11384.26,BTC-25SEP20,11554.75,11554.5,2.0,1597176126881.0,87941139,1694964.0,
31,10000.0,sell,11384.75,BTC-25SEP20,11555.16,11554.0,0.0,1597176127809.0,87941142,1694966.0,
32,8330.0,sell,11385.18,BTC-25SEP20,11555.52,11554.0,1.0,1597176128975.0,87941143,1694967.0,
33,10.0,sell,11383.14,BTC-25SEP20,11553.38,11554.0,1.0,1597176167625.0,87941162,1694969.0,
34,10.0,sell,11379.45,BTC-25SEP20,11549.67,11549.5,2.0,1597176261425.0,87941228,1694971.0,
35,2500.0,sell,11374.92,BTC-25SEP20,11544.75,11544.5,2.0,1597176269015.0,87941261,1694973.0,
36,2500.0,sell,11374.92,BTC-25SEP20,11544.75,11544.5,3.0,1597176269031.0,87941262,1694974.0,
37,2500.0,sell,11374.92,BTC-25SEP20,11544.75,11544.5,3.0,1597176269033.0,87941263,1694975.0,
38,2430.0,sell,11374.92,BTC-25SEP20,11544.75,11544.5,3.0,1597176269037.0,87941264,1694976.0,
39,2500.0,sell,11374.92,BTC-25SEP20,11544.75,11544.5,3.0,1597176269041.0,87941265,1694977.0,
40,2500.0,sell,11374.92,BTC-25SEP20,11544.75,11544.5,3.0,1597176269043.0,87941266,1694978.0,
41,2500.0,sell,11374.92,BTC-25SEP20,11544.75,11544.5,3.0,1597176269046.0,87941267,1694979.0,
42,2500.0,sell,11374.92,BTC-25SEP20,11544.75,11544.5,3.0,1597176269048.0,87941268,1694980.0,
43,2500.0,sell,11374.92,BTC-25SEP20,11544.75,11544.5,3.0,1597176269051.0,87941269,1694981.0,
44,2500.0,sell,11374.92,BTC-25SEP20,11544.75,11544.5,3.0,1597176269052.0,87941270,1694982.0,
45,650.0,sell,11374.92,BTC-25SEP20,11544.75,11544.5,3.0,1597176269054.0,87941271,1694983.0,
46,2100.0,sell,11373.61,BTC-25SEP20,11543.01,11541.0,2.0,1597176272956.0,87941286,1694984.0,
47,20.0,sell,11371.69,BTC-25SEP20,11540.88,11540.0,2.0,1597176275437.0,87941357,1694985.0,
48,100.0,sell,11370.83,BTC-25SEP20,11539.96,11539.0,2.0,1597176276938.0,87941390,1694987.0,
49,2400.0,sell,11370.83,BTC-25SEP20,11539.96,11539.0,3.0,1597176277128.0,87941391,1694988.0,
50,20.0,sell,11369.17,BTC-25SEP20,11538.18,11535.0,2.0,1597176277791.0,87941433,1694990.0,
51,7430.0,sell,11369.17,BTC-25SEP20,11538.18,11535.0,3.0,1597176277807.0,87941437,1694992.0,
52,10.0,sell,11365.27,BTC-25SEP20,11533.63,11530.0,2.0,1597176279580.0,87941473,1694993.0,
53,20.0,sell,11363.28,BTC-25SEP20,11531.64,11526.0,2.0,1597176279856.0,87941478,1694995.0,
54,50000.0,sell,11362.06,BTC-25SEP20,11529.61,11524.0,2.0,1597176281423.0,87941496,1694997.0,
55,30530.0,buy,11360.75,BTC-25SEP20,11528.3,11524.5,0.0,1597176281605.0,87941499,1694999.0,
56,6260.0,buy,11360.75,BTC-25SEP20,11528.3,11524.5,1.0,1597176281612.0,87941500,1695000.0,
57,3870.0,buy,11360.75,BTC-25SEP20,11528.3,11524.5,1.0,1597176281613.0,87941501,1695001.0,
58,490.0,buy,11360.75,BTC-25SEP20,11528.3,11524.5,1.0,1597176281836.0,87941525,1695002.0,
59,3480.0,buy,11360.75,BTC-25SEP20,11528.3,11524.5,1.0,1597176281869.0,87941528,1695005.0,
60,1020.0,buy,11360.75,BTC-25SEP20,11528.3,11524.5,1.0,1597176281871.0,87941529,1695006.0,
61,2460.0,buy,11360.75,BTC-25SEP20,11528.3,11524.5,1.0,1597176281878.0,87941533,1695008.0,
62,8480.0,buy,11360.75,BTC-25SEP20,11528.3,11524.5,1.0,1597176281883.0,87941535,1695009.0,
63,460.0,buy,11360.75,BTC-25SEP20,11528.3,11527.5,0.0,1597176281924.0,87941542,1695010.0,
64,1700.0,buy,11360.75,BTC-25SEP20,11528.3,11524.5,2.0,1597176282070.0,87941550,1695011.0,
65,20.0,buy,11362.26,BTC-25SEP20,11530.27,11533.0,0.0,1597176285064.0,87941598,1695012.0,
66,1100.0,buy,11362.26,BTC-25SEP20,11530.27,11533.0,1.0,1597176285093.0,87941604,1695013.0,
67,1600.0,sell,11363.66,BTC-25SEP20,11532.79,11529.5,2.0,1597176301387.0,87941658,1695014.0,
68,500.0,sell,11357.11,BTC-25SEP20,11526.26,11525.0,2.0,1597176310270.0,87941700,1695015.0,
69,2760.0,sell,11358.5,BTC-25SEP20,11527.53,11527.0,0.0,1597176311966.0,87941702,1695016.0,
70,20.0,sell,11353.57,BTC-25SEP20,11522.74,11521.0,2.0,1597176324536.0,87941748,1695017.0,
71,30.0,sell,11353.57,BTC-25SEP20,11522.74,11518.0,3.0,1597176324734.0,87941787,1695021.0,
72,20.0,sell,11351.17,BTC-25SEP20,11519.87,11517.0,2.0,1597176327018.0,87941837,1695022.0,
73,20.0,sell,11351.17,BTC-25SEP20,11519.68,11513.5,2.0,1597176327684.0,87941842,1695023.0,
74,25510.0,sell,11348.27,BTC-25SEP20,11516.78,11513.5,3.0,1597176327991.0,87941847,1695024.0,
75,1100.0,buy,11345.24,BTC-25SEP20,11512.38,11510.5,2.0,1597176333752.0,87941933,1695026.0,
76,25550.0,sell,11343.99,BTC-25SEP20,11511.04,11511.5,0.0,1597176339739.0,87941950,1695028.0,
77,1520.0,buy,11340.44,BTC-25SEP20,11506.99,11509.0,0.0,1597176346538.0,87942008,1695038.0,
78,1970.0,buy,11340.44,BTC-25SEP20,11506.99,11509.0,1.0,1597176346541.0,87942009,1695039.0,
79,1360.0,buy,11340.44,BTC-25SEP20,11506.99,11509.0,1.0,1597176346601.0,87942010,1695040.0,
80,400.0,buy,11340.44,BTC-25SEP20,11506.99,11509.0,1.0,1597176346604.0,87942011,1695041.0,
81,4530.0,buy,11340.44,BTC-25SEP20,11506.99,11509.0,1.0,1597176346646.0,87942013,1695043.0,
82,1510.0,buy,11340.44,BTC-25SEP20,11506.99,11509.0,1.0,1597176346674.0,87942014,1695044.0,
83,1470.0,buy,11344.44,BTC-25SEP20,11509.87,11509.5,0.0,1597176377759.0,87942071,1695045.0,
84,100.0,buy,11346.74,BTC-25SEP20,11511.76,11509.5,1.0,1597176382540.0,87942082,1695048.0,
85,410.0,buy,11346.74,BTC-25SEP20,11511.76,11509.5,1.0,1597176382545.0,87942083,1695049.0,
86,100.0,buy,11346.74,BTC-25SEP20,11511.76,11509.5,1.0,1597176382610.0,87942087,1695051.0,
87,100.0,buy,11346.74,BTC-25SEP20,11511.76,11509.5,1.0,1597176382664.0,87942088,1695052.0,
88,2780.0,buy,11346.74,BTC-25SEP20,11511.76,11509.5,1.0,1597176383197.0,87942096,1695053.0,
89,3370.0,buy,11346.74,BTC-25SEP20,11511.76,11509.5,1.0,1597176383272.0,87942097,1695054.0,
90,3090.0,buy,11346.74,BTC-25SEP20,11511.76,11509.5,1.0,1597176383299.0,87942098,1695055.0,
91,870.0,buy,11346.74,BTC-25SEP20,11511.76,11509.5,1.0,1597176383303.0,87942099,1695056.0,
92,2430.0,buy,11346.94,BTC-25SEP20,11511.81,11509.5,1.0,1597176383596.0,87942101,1695057.0,
93,100.0,buy,11346.94,BTC-25SEP20,11511.81,11509.5,1.0,1597176383600.0,87942102,1695058.0,
94,100.0,buy,11346.94,BTC-25SEP20,11511.81,11509.5,1.0,1597176383648.0,87942103,1695059.0,
95,5440.0,buy,11346.94,BTC-25SEP20,11511.81,11509.5,1.0,1597176383688.0,87942104,1695060.0,
96,10.0,buy,11346.94,BTC-25SEP20,11511.81,11509.5,1.0,1597176383814.0,87942105,1695061.0,
97,500.0,buy,11346.96,BTC-25SEP20,11512.19,11518.0,0.0,1597176384859.0,87942109,1695062.0,
98,2500.0,buy,11348.75,BTC-25SEP20,11515.18,11521.5,0.0,1597176388167.0,87942127,1695064.0,
99,22650.0,sell,11349.11,BTC-25SEP20,11517.43,11521.0,2.0,1597176392736.0,87942150,1695066.0,
100,2930.0,sell,11349.11,BTC-25SEP20,11517.43,11521.0,3.0,1597176392738.0,87942151,1695067.0,
101,2500.0,sell,11348.38,BTC-25SEP20,11516.74,11517.5,2.0,1597176393632.0,87942209,1695068.0,
102,1600.0,sell,11348.38,BTC-25SEP20,11516.74,11517.5,3.0,1597176393686.0,87942210,1695069.0,
103,3400.0,sell,11339.49,BTC-25SEP20,11507.17,11505.0,2.0,1597176410599.0,87942284,1695070.0,
104,3030.0,sell,11339.49,BTC-25SEP20,11507.17,11505.0,3.0,1597176410600.0,87942285,1695071.0,
105,3300.0,sell,11339.49,BTC-25SEP20,11507.17,11505.0,3.0,1597176410601.0,87942286,1695072.0,
106,3030.0,sell,11339.49,BTC-25SEP20,11507.17,11505.0,3.0,1597176410602.0,87942287,1695073.0,
107,2600.0,sell,11339.49,BTC-25SEP20,11507.17,11505.0,3.0,1597176410603.0,87942289,1695074.0,
108,3110.0,sell,11339.49,BTC-25SEP20,11507.17,11505.0,3.0,1597176410611.0,87942292,1695075.0,
109,1550.0,sell,11339.49,BTC-25SEP20,11507.17,11505.0,3.0,1597176410613.0,87942294,1695076.0,
110,3030.0,sell,11339.49,BTC-25SEP20,11507.17,11505.0,3.0,1597176410630.0,87942298,1695077.0,
111,2490.0,sell,11339.49,BTC-25SEP20,11507.17,11505.0,3.0,1597176410640.0,87942300,1695078.0,
112,500.0,sell,11339.49,BTC-25SEP20,11507.17,11497.5,2.0,1597176410646.0,87942308,1695082.0,
113,30.0,sell,11331.61,BTC-25SEP20,11498.22,11493.0,2.0,1597176412556.0,87942465,1695085.0,
114,30.0,sell,11331.61,BTC-25SEP20,11498.22,11490.0,2.0,1597176413163.0,87942485,1695086.0,
115,2190.0,buy,11326.81,BTC-25SEP20,11492.82,11488.0,2.0,1597176413775.0,87942508,1695089.0,
116,1600.0,buy,11327.29,BTC-25SEP20,11492.99,11488.0,2.0,1597176414547.0,87942549,1695091.0,
117,2340.0,buy,11327.29,BTC-25SEP20,11492.99,11488.0,3.0,1597176414581.0,87942552,1695092.0,
118,3290.0,buy,11327.29,BTC-25SEP20,11492.99,11492.0,0.0,1597176414715.0,87942582,1695093.0,
119,10.0,buy,11327.29,BTC-25SEP20,11492.99,11492.0,1.0,1597176414718.0,87942583,1695094.0,
120,2410.0,buy,11327.29,BTC-25SEP20,11492.99,11492.5,0.0,1597176414728.0,87942586,1695095.0,
121,4860.0,buy,11327.29,BTC-25SEP20,11492.99,11492.5,1.0,1597176414751.0,87942588,1695096.0,
122,4320.0,buy,11327.29,BTC-25SEP20,11492.99,11493.0,0.0,1597176414826.0,87942598,1695097.0,
123,5630.0,buy,11327.29,BTC-25SEP20,11492.99,11493.0,1.0,1597176414827.0,87942599,1695098.0,
124,1540.0,buy,11327.29,BTC-25SEP20,11492.99,11493.0,1.0,1597176414828.0,87942600,1695099.0,
125,350.0,buy,11327.29,BTC-25SEP20,11492.99,11493.0,1.0,1597176414898.0,87942609,1695101.0,
126,2190.0,sell,11331.32,BTC-25SEP20,11497.02,11498.5,0.0,1597176415891.0,87942661,1695102.0,
127,5560.0,sell,11330.82,BTC-25SEP20,11496.62,11499.5,0.0,1597176416937.0,87942664,1695103.0,
128,1600.0,sell,11331.24,BTC-25SEP20,11497.61,11507.0,0.0,1597176419358.0,87942690,1695104.0,
129,5540.0,sell,11331.6,BTC-25SEP20,11498.58,11507.0,1.0,1597176419850.0,87942696,1695105.0,
130,2500.0,sell,11331.6,BTC-25SEP20,11498.58,11507.0,1.0,1597176419859.0,87942697,1695106.0,
131,2500.0,sell,11331.6,BTC-25SEP20,11498.58,11507.0,1.0,1597176419869.0,87942698,1695107.0,
132,2740.0,sell,11331.6,BTC-25SEP20,11498.58,11507.0,1.0,1597176419875.0,87942699,1695108.0,
133,5520.0,sell,11331.6,BTC-25SEP20,11498.58,11503.5,2.0,1597176420067.0,87942709,1695109.0,
134,2500.0,sell,11331.6,BTC-25SEP20,11498.9,11502.5,2.0,1597176420427.0,87942713,1695110.0,
135,2500.0,sell,11331.6,BTC-25SEP20,11498.9,11502.5,3.0,1597176420441.0,87942714,1695111.0,
136,2500.0,sell,11331.6,BTC-25SEP20,11498.9,11502.5,3.0,1597176420445.0,87942715,1695112.0,
137,2500.0,sell,11331.6,BTC-25SEP20,11498.9,11502.5,3.0,1597176420447.0,87942716,1695113.0,
138,2500.0,sell,11331.6,BTC-25SEP20,11498.9,11502.5,3.0,1597176420458.0,87942717,1695114.0,
139,2500.0,sell,11331.6,BTC-25SEP20,11498.9,11502.5,3.0,1597176420461.0,87942718,1695115.0,
140,2500.0,sell,11331.6,BTC-25SEP20,11498.9,11502.5,3.0,1597176420469.0,87942719,1695116.0,
141,2500.0,sell,11331.6,BTC-25SEP20,11498.9,11502.5,3.0,1597176420473.0,87942720,1695117.0,
142,2500.0,sell,11331.6,BTC-25SEP20,11498.9,11502.5,3.0,1597176420480.0,87942721,1695118.0,
143,2500.0,sell,11331.6,BTC-25SEP20,11498.9,11502.5,3.0,1597176420482.0,87942722,1695119.0,
144,510.0,sell,11331.6,BTC-25SEP20,11498.9,11502.5,3.0,1597176420505.0,87942723,1695120.0,
145,2500.0,sell,11330.82,BTC-25SEP20,11498.12,11502.5,3.0,1597176420614.0,87942731,1695121.0,
146,30.0,sell,11330.82,BTC-25SEP20,11498.12,11502.5,3.0,1597176420617.0,87942732,1695122.0,
147,2500.0,sell,11330.82,BTC-25SEP20,11498.12,11502.0,2.0,1597176420660.0,87942733,1695123.0,
148,30.0,sell,11330.82,BTC-25SEP20,11498.12,11502.0,3.0,1597176420662.0,87942734,1695124.0,
149,2410.0,sell,11330.82,BTC-25SEP20,11498.12,11502.0,3.0,1597176420706.0,87942735,1695125.0,
150,2990.0,sell,11330.82,BTC-25SEP20,11498.12,11499.0,2.0,1597176421134.0,87942738,1695126.0,
151,50.0,sell,11325.88,BTC-25SEP20,11492.69,11493.0,2.0,1597176424162.0,87942774,1695133.0,
152,2750.0,sell,11325.88,BTC-25SEP20,11492.68,11492.0,2.0,1597176424523.0,87942776,1695134.0,
153,2180.0,buy,11324.93,BTC-25SEP20,11491.4,11488.5,2.0,1597176426530.0,87942782,1695135.0,
154,3200.0,buy,11324.93,BTC-25SEP20,11491.4,11489.0,1.0,1597176426565.0,87942785,1695137.0,
155,5410.0,buy,11324.93,BTC-25SEP20,11491.4,11489.0,1.0,1597176426566.0,87942786,1695138.0,
156,3150.0,buy,11324.93,BTC-25SEP20,11491.4,11489.0,1.0,1597176426569.0,87942787,1695139.0,
157,3820.0,buy,11324.93,BTC-25SEP20,11491.4,11489.0,1.0,1597176426576.0,87942788,1695140.0,
158,1600.0,buy,11324.93,BTC-25SEP20,11491.4,11489.0,1.0,1597176426592.0,87942789,1695141.0,
159,5380.0,buy,11324.93,BTC-25SEP20,11491.4,11489.0,1.0,1597176426600.0,87942794,1695142.0,
160,2570.0,buy,11324.93,BTC-25SEP20,11491.4,11489.0,1.0,1597176426606.0,87942795,1695143.0,
161,2450.0,buy,11324.32,BTC-25SEP20,11490.79,11489.0,1.0,1597176427003.0,87942805,1695144.0,
162,5460.0,buy,11324.32,BTC-25SEP20,11490.79,11489.0,1.0,1597176427087.0,87942806,1695145.0,
163,3790.0,buy,11324.32,BTC-25SEP20,11490.79,11489.0,1.0,1597176427090.0,87942809,1695147.0,
164,2750.0,sell,11324.32,BTC-25SEP20,11490.79,11488.5,2.0,1597176427226.0,87942811,1695149.0,
165,9840.0,buy,11324.32,BTC-25SEP20,11490.79,11489.0,0.0,1597176427288.0,87942819,1695150.0,
166,6890.0,buy,11324.32,BTC-25SEP20,11490.79,11489.0,1.0,1597176427364.0,87942833,1695152.0,
167,10.0,buy,11324.32,BTC-25SEP20,11490.79,11489.0,1.0,1597176427372.0,87942834,1695153.0,
168,760.0,buy,11324.32,BTC-25SEP20,11490.79,11489.0,1.0,1597176427389.0,87942835,1695154.0,
169,980.0,buy,11324.32,BTC-25SEP20,11490.67,11489.0,1.0,1597176427461.0,87942837,1695155.0,
170,30.0,buy,11324.32,BTC-25SEP20,11490.67,11489.0,1.0,1597176427502.0,87942845,1695156.0,
171,1030.0,buy,11324.32,BTC-25SEP20,11490.67,11489.0,1.0,1597176427508.0,87942847,1695157.0,
172,1660.0,buy,11324.32,BTC-25SEP20,11490.67,11489.0,1.0,1597176427528.0,87942848,1695158.0,
173,2720.0,buy,11324.32,BTC-25SEP20,11490.67,11489.0,1.0,1597176427531.0,87942849,1695159.0,
174,8560.0,buy,11324.32,BTC-25SEP20,11490.67,11489.0,1.0,1597176427535.0,87942850,1695160.0,
175,4250.0,buy,11324.32,BTC-25SEP20,11490.67,11489.0,1.0,1597176427539.0,87942851,1695161.0,
176,450.0,buy,11324.32,BTC-25SEP20,11490.67,11489.0,1.0,1597176427559.0,87942852,1695162.0,
177,2140.0,buy,11326.68,BTC-25SEP20,11493.03,11489.0,1.0,1597176427796.0,87942858,1695164.0,
178,1120.0,buy,11326.68,BTC-25SEP20,11493.03,11489.0,1.0,1597176427798.0,87942859,1695165.0,
179,1910.0,buy,11326.68,BTC-25SEP20,11493.03,11489.0,1.0,1597176427800.0,87942860,1695166.0,
180,530.0,buy,11326.68,BTC-25SEP20,11493.03,11489.0,1.0,1597176427802.0,87942861,1695167.0,
181,1600.0,sell,11328.63,BTC-25SEP20,11495.4,11502.5,0.0,1597176429966.0,87942899,1695168.0,
182,2180.0,sell,11330.11,BTC-25SEP20,11497.33,11502.5,1.0,1597176431374.0,87942916,1695169.0,
183,2500.0,sell,11330.11,BTC-25SEP20,11497.33,11502.0,2.0,1597176431376.0,87942917,1695170.0,
184,2500.0,sell,11330.11,BTC-25SEP20,11497.33,11502.0,3.0,1597176431378.0,87942918,1695171.0,
185,2500.0,sell,11330.11,BTC-25SEP20,11497.33,11502.0,3.0,1597176431388.0,87942919,1695172.0,
186,2500.0,sell,11330.11,BTC-25SEP20,11497.64,11502.0,3.0,1597176431398.0,87942920,1695173.0,
187,2500.0,sell,11330.11,BTC-25SEP20,11497.64,11502.0,3.0,1597176431400.0,87942921,1695174.0,
188,2500.0,sell,11330.11,BTC-25SEP20,11497.64,11502.0,3.0,1597176431404.0,87942922,1695175.0,
189,2500.0,sell,11330.11,BTC-25SEP20,11497.64,11502.0,3.0,1597176431407.0,87942923,1695176.0,
190,2500.0,sell,11330.11,BTC-25SEP20,11497.64,11502.0,3.0,1597176431409.0,87942924,1695177.0,
191,2500.0,sell,11330.11,BTC-25SEP20,11497.64,11502.0,3.0,1597176431435.0,87942925,1695178.0,
192,2500.0,sell,11330.11,BTC-25SEP20,11497.64,11502.0,3.0,1597176431437.0,87942926,1695179.0,
193,530.0,sell,11330.11,BTC-25SEP20,11497.64,11502.0,3.0,1597176431438.0,87942927,1695180.0,
194,1510.0,sell,11330.11,BTC-25SEP20,11497.64,11501.5,2.0,1597176431583.0,87942936,1695181.0,
195,2500.0,sell,11328.33,BTC-25SEP20,11495.96,11495.0,2.0,1597176435355.0,87942964,1695182.0,
196,5550.0,sell,11328.33,BTC-25SEP20,11495.9,11495.0,3.0,1597176435455.0,87942965,1695183.0,
197,2500.0,sell,11328.33,BTC-25SEP20,11495.9,11495.0,3.0,1597176435469.0,87942966,1695184.0,
198,20.0,buy,11328.66,BTC-25SEP20,11496.25,11495.0,3.0,1597176441337.0,87943000,1695185.0,
199,500.0,sell,11329.15,BTC-25SEP20,11496.56,11500.5,0.0,1597176442725.0,87943001,1695186.0,
200,1100.0,buy,11334.33,BTC-25SEP20,11502.54,11501.5,0.0,1597176449300.0,87943020,1695187.0,
201,480.0,buy,11342.01,BTC-25SEP20,11514.72,11517.0,0.0,1597176484505.0,87943094,1695188.0,
202,10.0,sell,11341.76,BTC-25SEP20,11515.33,11515.5,2.0,1597176497846.0,87943148,1695189.0,
203,1600.0,buy,11345.92,BTC-25SEP20,11517.31,11516.0,0.0,1597176547725.0,87943215,1695191.0,
204,1100.0,buy,11350.14,BTC-25SEP20,11520.16,11516.0,1.0,1597176554070.0,87943252,1695192.0,
205,240.0,buy,11363.7,BTC-25SEP20,11536.29,11537.5,0.0,1597176571221.0,87943350,1695193.0,
206,3300.0,sell,11362.86,BTC-25SEP20,11535.68,11537.5,1.0,1597176573992.0,87943352,1695194.0,
207,5500.0,sell,11362.86,BTC-25SEP20,11535.68,11537.5,1.0,1597176573999.0,87943353,1695195.0,
208,3300.0,sell,11362.86,BTC-25SEP20,11535.68,11537.5,1.0,1597176574000.0,87943354,1695196.0,
209,3300.0,sell,11362.86,BTC-25SEP20,11535.68,11537.5,1.0,1597176574003.0,87943355,1695197.0,
210,3300.0,sell,11362.86,BTC-25SEP20,11535.68,11537.5,1.0,1597176574012.0,87943356,1695198.0,
211,3300.0,sell,11362.86,BTC-25SEP20,11535.68,11537.5,1.0,1597176574013.0,87943357,1695199.0,
212,1600.0,sell,11362.86,BTC-25SEP20,11535.68,11537.5,1.0,1597176574014.0,87943358,1695200.0,
213,2000.0,sell,11362.86,BTC-25SEP20,11535.68,11537.5,1.0,1597176574016.0,87943359,1695201.0,
214,10.0,sell,11362.86,BTC-25SEP20,11535.68,11537.5,1.0,1597176574018.0,87943361,1695203.0,
215,500.0,sell,11362.86,BTC-25SEP20,11535.68,11530.5,2.0,1597176574254.0,87943362,1695204.0,
216,20.0,sell,11362.81,BTC-25SEP20,11535.33,11532.5,0.0,1597176574811.0,87943367,1695209.0,
217,5750.0,buy,11347.33,BTC-25SEP20,11518.46,11516.5,2.0,1597176644347.0,87943554,1695210.0,
218,1400.0,buy,11347.33,BTC-25SEP20,11518.34,11516.5,3.0,1597176644657.0,87943556,1695212.0,
219,4430.0,buy,11347.33,BTC-25SEP20,11518.34,11516.5,3.0,1597176644799.0,87943557,1695213.0,
220,200.0,buy,11349.03,BTC-25SEP20,11519.69,11518.0,0.0,1597176646853.0,87943568,1695214.0,
221,1200.0,buy,11350.19,BTC-25SEP20,11520.39,11518.0,1.0,1597176649976.0,87943578,1695215.0,
222,40.0,buy,11354.34,BTC-25SEP20,11524.38,11519.5,0.0,1597176651254.0,87943583,1695216.0,
223,25580.0,sell,11364.33,BTC-25SEP20,11532.97,11533.5,0.0,1597176696302.0,87943646,1695217.0,
224,23070.0,sell,11364.42,BTC-25SEP20,11533.26,11534.5,0.0,1597176697739.0,87943647,1695218.0,
225,30.0,sell,11364.29,BTC-25SEP20,11533.21,11534.5,1.0,1597176699292.0,87943651,1695220.0,
226,30.0,sell,11363.64,BTC-25SEP20,11532.95,11534.5,1.0,1597176703801.0,87943655,1695223.0,
227,80.0,sell,11363.64,BTC-25SEP20,11532.95,11533.5,2.0,1597176703951.0,87943657,1695225.0,
228,5760.0,sell,11363.64,BTC-25SEP20,11532.95,11532.0,2.0,1597176704336.0,87943659,1695226.0,
229,1600.0,buy,11350.77,BTC-25SEP20,11520.32,11519.0,2.0,1597176725750.0,87943733,1695227.0,
230,130.0,buy,11362.81,BTC-25SEP20,11533.21,11533.0,0.0,1597176753149.0,87943788,1695228.0,
231,970.0,buy,11351.35,BTC-25SEP20,11521.94,11520.0,2.0,1597176778696.0,87943842,1695229.0,
232,1100.0,buy,11358.12,BTC-25SEP20,11528.05,11528.5,0.0,1597176803425.0,87943886,1695230.0,
233,500.0,sell,11349.17,BTC-25SEP20,11520.03,11519.0,2.0,1597176844920.0,87943927,1695234.0,
234,57600.0,sell,11349.17,BTC-25SEP20,11520.03,11516.0,3.0,1597176845121.0,87943932,1695239.0,
235,10.0,sell,11347.2,BTC-25SEP20,11516.36,11515.5,2.0,1597176861997.0,87943945,1695240.0,
236,10.0,sell,11345.68,BTC-25SEP20,11514.66,11511.5,2.0,1597176863371.0,87943970,1695243.0,
237,14290.0,sell,11345.68,BTC-25SEP20,11514.66,11511.0,2.0,1597176863374.0,87943971,1695244.0,
238,5000.0,sell,11345.68,BTC-25SEP20,11514.66,11511.0,3.0,1597176863389.0,87943972,1695245.0,
239,1570.0,sell,11345.68,BTC-25SEP20,11514.66,11511.0,3.0,1597176863404.0,87943973,1695246.0,
240,2860.0,sell,11345.68,BTC-25SEP20,11514.66,11511.0,3.0,1597176863420.0,87943975,1695247.0,
241,4700.0,sell,11342.62,BTC-25SEP20,11510.45,11505.5,2.0,1597176866944.0,87944049,1695248.0,
242,2570.0,sell,11340.08,BTC-25SEP20,11507.76,11505.0,2.0,1597176868358.0,87944057,1695249.0,
243,2430.0,sell,11340.08,BTC-25SEP20,11507.76,11505.0,3.0,1597176868361.0,87944058,1695250.0,
244,5750.0,buy,11334.05,BTC-25SEP20,11501.37,11502.0,2.0,1597176873850.0,87944084,1695251.0,
245,20.0,buy,11334.05,BTC-25SEP20,11501.41,11507.5,0.0,1597176874447.0,87944100,1695254.0,
246,220.0,sell,11340.08,BTC-25SEP20,11508.85,11511.5,0.0,1597176881836.0,87944129,1695255.0,
247,25550.0,sell,11338.49,BTC-25SEP20,11508.27,11507.5,2.0,1597176895940.0,87944136,1695256.0,
248,2230.0,sell,11335.97,BTC-25SEP20,11504.18,11501.0,0.0,1597176899006.0,87944201,1695262.0,
249,50.0,sell,11335.97,BTC-25SEP20,11504.18,11501.0,1.0,1597176899008.0,87944202,1695263.0,
250,2180.0,sell,11335.97,BTC-25SEP20,11504.18,11501.0,1.0,1597176899011.0,87944203,1695264.0,
251,50.0,sell,11335.97,BTC-25SEP20,11504.18,11501.0,1.0,1597176899014.0,87944204,1695265.0,
252,10.0,sell,11332.21,BTC-25SEP20,11500.14,11495.5,2.0,1597176900765.0,87944213,1695266.0,
253,41000.0,buy,11328.14,BTC-25SEP20,11495.35,11492.0,2.0,1597176903375.0,87944229,1695267.0,
254,20440.0,buy,11325.18,BTC-25SEP20,11492.18,11492.5,0.0,1597176904306.0,87944231,1695269.0,
255,4970.0,sell,11328.0,BTC-25SEP20,11495.4,11498.0,0.0,1597176907866.0,87944241,1695270.0,
256,10430.0,sell,11328.0,BTC-25SEP20,11495.4,11498.0,1.0,1597176907929.0,87944255,1695271.0,
257,7220.0,sell,11328.0,BTC-25SEP20,11495.4,11498.0,1.0,1597176907931.0,87944256,1695272.0,
258,2900.0,sell,11328.0,BTC-25SEP20,11495.4,11498.0,1.0,1597176907932.0,87944257,1695273.0,
259,310.0,sell,11328.0,BTC-25SEP20,11495.4,11491.5,3.0,1597176907933.0,87944260,1695276.0,
260,2770.0,sell,11328.0,BTC-25SEP20,11495.4,11490.0,3.0,1597176907935.0,87944263,1695279.0,
261,5850.0,sell,11328.0,BTC-25SEP20,11495.4,11488.5,3.0,1597176907955.0,87944270,1695283.0,
262,1000.0,sell,11326.29,BTC-25SEP20,11493.25,11488.5,3.0,1597176908304.0,87944337,1695284.0,
263,30.0,sell,11326.29,BTC-25SEP20,11493.25,11485.0,2.0,1597176908444.0,87944370,1695285.0,
264,10.0,sell,11318.79,BTC-25SEP20,11483.87,11482.5,2.0,1597176913102.0,87944481,1695286.0,
265,40.0,sell,11316.76,BTC-25SEP20,11481.72,11481.5,2.0,1597176914117.0,87944501,1695288.0,
266,30.0,sell,11316.76,BTC-25SEP20,11481.72,11478.0,2.0,1597176914150.0,87944505,1695292.0,
267,4610.0,sell,11317.1,BTC-25SEP20,11481.15,11479.0,0.0,1597176916315.0,87944548,1695300.0,
268,850.0,buy,11315.97,BTC-25SEP20,11479.88,11479.5,0.0,1597176917884.0,87944564,1695301.0,
269,490.0,buy,11315.97,BTC-25SEP20,11479.88,11480.5,0.0,1597176917916.0,87944568,1695304.0,
270,5740.0,buy,11317.0,BTC-25SEP20,11482.1,11485.0,0.0,1597176924778.0,87944617,1695306.0,
271,5730.0,buy,11317.9,BTC-25SEP20,11483.19,11485.0,1.0,1597176925786.0,87944626,1695309.0,
272,10.0,sell,11321.85,BTC-25SEP20,11488.21,11491.5,0.0,1597176932879.0,87944648,1695310.0,
273,50.0,buy,11323.79,BTC-25SEP20,11492.22,11493.5,0.0,1597176956366.0,87944760,1695311.0,
274,1590.0,sell,11323.79,BTC-25SEP20,11492.22,11493.0,2.0,1597176956413.0,87944764,1695312.0,
275,6340.0,sell,11323.79,BTC-25SEP20,11492.05,11488.5,2.0,1597176957095.0,87944784,1695313.0,
276,5640.0,sell,11323.79,BTC-25SEP20,11492.05,11488.5,3.0,1597176957312.0,87944785,1695314.0,
277,740.0,sell,11317.21,BTC-25SEP20,11485.15,11484.0,2.0,1597176959968.0,87944794,1695315.0,
278,560.0,buy,11313.7,BTC-25SEP20,11480.64,11480.0,2.0,1597176970370.0,87944833,1695316.0,
279,5730.0,buy,11313.7,BTC-25SEP20,11480.64,11480.5,1.0,1597176970411.0,87944855,1695319.0,
280,10.0,buy,11313.7,BTC-25SEP20,11480.64,11480.5,1.0,1597176970423.0,87944858,1695320.0,
281,2500.0,sell,11315.67,BTC-25SEP20,11483.04,11485.5,0.0,1597176976651.0,87944899,1695321.0,
282,2500.0,sell,11315.67,BTC-25SEP20,11483.04,11485.5,1.0,1597176976759.0,87944900,1695322.0,
283,2500.0,sell,11315.67,BTC-25SEP20,11483.04,11485.5,1.0,1597176976765.0,87944904,1695323.0,
284,2500.0,sell,11315.67,BTC-25SEP20,11483.04,11485.5,1.0,1597176976772.0,87944908,1695324.0,
285,2500.0,sell,11315.67,BTC-25SEP20,11483.04,11485.5,1.0,1597176976777.0,87944913,1695325.0,
286,2500.0,sell,11315.67,BTC-25SEP20,11483.04,11485.5,1.0,1597176976783.0,87944914,1695326.0,
287,2500.0,sell,11315.67,BTC-25SEP20,11483.04,11485.5,1.0,1597176976785.0,87944915,1695327.0,
288,2500.0,sell,11315.67,BTC-25SEP20,11483.04,11485.5,1.0,1597176976787.0,87944916,1695328.0,
289,2500.0,sell,11315.67,BTC-25SEP20,11483.04,11485.5,1.0,1597176976789.0,87944917,1695329.0,
290,2500.0,sell,11315.67,BTC-25SEP20,11483.04,11485.5,1.0,1597176976792.0,87944918,1695330.0,
291,460.0,sell,11315.67,BTC-25SEP20,11483.04,11485.5,1.0,1597176976819.0,87944919,1695331.0,
292,110.0,buy,11310.9,BTC-25SEP20,11477.83,11474.5,2.0,1597176986607.0,87944929,1695333.0,
293,2500.0,sell,11308.71,BTC-25SEP20,11475.28,11472.0,2.0,1597176988767.0,87944963,1695334.0,
294,2500.0,sell,11308.71,BTC-25SEP20,11475.28,11472.0,3.0,1597176988772.0,87944974,1695335.0,
295,2500.0,sell,11308.71,BTC-25SEP20,11475.28,11472.0,3.0,1597176988777.0,87944976,1695336.0,
296,2500.0,sell,11308.71,BTC-25SEP20,11475.28,11472.0,3.0,1597176988790.0,87944978,1695337.0,
297,2500.0,sell,11308.71,BTC-25SEP20,11475.28,11472.0,3.0,1597176988793.0,87944979,1695338.0,
298,2500.0,sell,11308.71,BTC-25SEP20,11475.28,11472.0,3.0,1597176988796.0,87944980,1695339.0,
299,2500.0,sell,11308.71,BTC-25SEP20,11475.28,11472.0,3.0,1597176988798.0,87944981,1695340.0,
300,2500.0,sell,11308.71,BTC-25SEP20,11475.28,11472.0,3.0,1597176988803.0,87944982,1695341.0,
301,2500.0,sell,11308.71,BTC-25SEP20,11475.28,11472.0,3.0,1597176988804.0,87944983,1695342.0,
302,2970.0,sell,11308.71,BTC-25SEP20,11475.07,11471.0,2.0,1597176989058.0,87944995,1695343.0,
303,4000.0,sell,11304.47,BTC-25SEP20,11470.83,11465.0,2.0,1597176989646.0,87945028,1695344.0,
304,4570.0,sell,11304.47,BTC-25SEP20,11470.83,11465.0,3.0,1597176989681.0,87945070,1695346.0,
305,30.0,sell,11304.47,BTC-25SEP20,11470.83,11460.0,2.0,1597176989787.0,87945102,1695347.0,
306,10.0,sell,11304.47,BTC-25SEP20,11470.83,11458.5,2.0,1597176989844.0,87945117,1695348.0,
307,2500.0,sell,11304.47,BTC-25SEP20,11470.83,11455.5,2.0,1597176989932.0,87945133,1695349.0,
308,40.0,sell,11304.47,BTC-25SEP20,11470.83,11455.0,2.0,1597176989937.0,87945141,1695350.0,
309,5360.0,sell,11304.47,BTC-25SEP20,11470.83,11455.0,3.0,1597176989961.0,87945143,1695351.0,
310,2940.0,sell,11304.47,BTC-25SEP20,11470.83,11455.0,3.0,1597176989963.0,87945144,1695352.0,
311,3110.0,sell,11304.47,BTC-25SEP20,11470.83,11455.0,3.0,1597176989966.0,87945147,1695353.0,
312,10.0,sell,11304.47,BTC-25SEP20,11470.83,11452.5,2.0,1597176990020.0,87945161,1695354.0,
313,850.0,sell,11304.47,BTC-25SEP20,11470.83,11452.0,2.0,1597176990024.0,87945162,1695355.0,
314,5000.0,sell,11304.47,BTC-25SEP20,11470.83,11451.5,2.0,1597176990039.0,87945164,1695356.0,
315,4290.0,sell,11304.47,BTC-25SEP20,11469.58,11451.0,2.0,1597176990053.0,87945165,1695357.0,
316,3250.0,sell,11304.47,BTC-25SEP20,11469.58,11450.5,2.0,1597176990055.0,87945166,1695358.0,
317,4190.0,sell,11304.47,BTC-25SEP20,11469.58,11450.5,3.0,1597176990058.0,87945168,1695359.0,
318,4750.0,sell,11304.47,BTC-25SEP20,11469.58,11450.5,3.0,1597176990061.0,87945169,1695360.0,
319,1020.0,sell,11304.47,BTC-25SEP20,11469.58,11450.5,3.0,1597176990070.0,87945171,1695361.0,
320,1870.0,sell,11304.47,BTC-25SEP20,11469.58,11450.5,3.0,1597176990081.0,87945181,1695362.0,
321,1310.0,sell,11304.47,BTC-25SEP20,11469.58,11450.5,3.0,1597176990083.0,87945182,1695363.0,
322,1140.0,sell,11304.47,BTC-25SEP20,11469.58,11450.5,3.0,1597176990091.0,87945185,1695364.0,
323,1340.0,sell,11304.47,BTC-25SEP20,11469.58,11450.5,3.0,1597176990097.0,87945186,1695365.0,
324,1400.0,sell,11304.47,BTC-25SEP20,11469.58,11450.5,3.0,1597176990100.0,87945187,1695366.0,
325,7380.0,sell,11304.47,BTC-25SEP20,11469.58,11450.5,3.0,1597176990103.0,87945189,1695367.0,
326,20.0,sell,11304.47,BTC-25SEP20,11469.58,11455.0,0.0,1597176990113.0,87945190,1695368.0,
327,1600.0,sell,11304.47,BTC-25SEP20,11469.58,11450.5,2.0,1597176990314.0,87945247,1695369.0,
328,1530.0,sell,11304.47,BTC-25SEP20,11469.58,11450.5,3.0,1597176990316.0,87945249,1695370.0,
329,5640.0,sell,11304.47,BTC-25SEP20,11469.58,11450.5,3.0,1597176990390.0,87945279,1695371.0,
330,1410.0,sell,11304.47,BTC-25SEP20,11469.58,11450.5,3.0,1597176990394.0,87945288,1695372.0,
331,4340.0,sell,11304.47,BTC-25SEP20,11469.58,11450.5,3.0,1597176990397.0,87945289,1695373.0,
332,10.0,sell,11304.47,BTC-25SEP20,11469.58,11450.0,2.0,1597176990464.0,87945293,1695374.0,
333,10.0,sell,11294.43,BTC-25SEP20,11459.54,11449.5,2.0,1597176990674.0,87945322,1695376.0,
334,10.0,sell,11294.43,BTC-25SEP20,11459.54,11448.5,2.0,1597176990680.0,87945327,1695377.0,
335,10.0,sell,11294.43,BTC-25SEP20,11459.54,11446.5,2.0,1597176990801.0,87945355,1695378.0,
336,10.0,sell,11294.43,BTC-25SEP20,11458.6,11444.5,2.0,1597176991231.0,87945398,1695379.0,
337,57200.0,buy,11294.43,BTC-25SEP20,11458.6,11440.0,0.0,1597176991349.0,87945419,1695384.0,
338,28350.0,buy,11294.43,BTC-25SEP20,11458.6,11440.0,1.0,1597176991352.0,87945420,1695385.0,
339,2120.0,buy,11294.43,BTC-25SEP20,11458.6,11440.0,1.0,1597176991357.0,87945421,1695386.0,
340,1000.0,sell,11288.91,BTC-25SEP20,11451.87,11433.5,2.0,1597176992873.0,87945585,1695387.0,
341,3300.0,sell,11288.91,BTC-25SEP20,11450.46,11430.0,3.0,1597176993369.0,87945637,1695392.0,
342,2000.0,sell,11276.51,BTC-25SEP20,11438.06,11434.0,0.0,1597176993615.0,87945653,1695394.0,
343,4050.0,buy,11276.51,BTC-25SEP20,11438.06,11435.0,0.0,1597176993680.0,87945669,1695395.0,
344,1230.0,sell,11276.51,BTC-25SEP20,11438.06,11423.0,2.0,1597176994005.0,87945692,1695396.0,
345,290.0,buy,11276.51,BTC-25SEP20,11437.06,11435.0,0.0,1597176994278.0,87945719,1695398.0,
346,1600.0,buy,11276.51,BTC-25SEP20,11437.06,11439.0,0.0,1597176994334.0,87945730,1695399.0,
347,1980.0,buy,11276.51,BTC-25SEP20,11437.06,11438.0,2.0,1597176994484.0,87945731,1695400.0,
348,3590.0,buy,11276.51,BTC-25SEP20,11437.06,11438.0,3.0,1597176994487.0,87945732,1695401.0,
349,430.0,buy,11276.51,BTC-25SEP20,11437.06,11438.0,3.0,1597176994490.0,87945733,1695402.0,
350,3700.0,buy,11276.51,BTC-25SEP20,11437.06,11439.0,0.0,1597176994512.0,87945734,1695403.0,
351,31250.0,buy,11276.51,BTC-25SEP20,11437.06,11439.0,1.0,1597176994514.0,87945735,1695404.0,
352,2530.0,buy,11276.51,BTC-25SEP20,11437.06,11439.0,1.0,1597176994516.0,87945736,1695405.0,
353,5530.0,buy,11276.51,BTC-25SEP20,11437.06,11439.0,1.0,1597176994517.0,87945737,1695406.0,
354,8100.0,buy,11276.51,BTC-25SEP20,11437.06,11439.0,1.0,1597176994523.0,87945738,1695407.0,
355,16470.0,buy,11276.51,BTC-25SEP20,11437.06,11439.0,1.0,1597176994524.0,87945739,1695408.0,
356,6570.0,buy,11276.51,BTC-25SEP20,11437.06,11439.0,1.0,1597176994531.0,87945740,1695409.0,
357,1000.0,buy,11272.98,BTC-25SEP20,11433.88,11437.0,2.0,1597176995065.0,87945783,1695410.0,
358,1100.0,buy,11272.98,BTC-25SEP20,11433.88,11441.0,0.0,1597176995083.0,87945785,1695411.0,
359,2070.0,buy,11272.98,BTC-25SEP20,11433.88,11441.0,1.0,1597176995085.0,87945786,1695412.0,
360,1100.0,buy,11272.98,BTC-25SEP20,11433.88,11437.5,2.0,1597176995122.0,87945787,1695413.0,
361,9000.0,buy,11272.98,BTC-25SEP20,11433.88,11439.0,0.0,1597176995127.0,87945788,1695414.0,
362,850.0,buy,11272.98,BTC-25SEP20,11433.88,11446.0,0.0,1597176995198.0,87945807,1695415.0,
363,850.0,buy,11272.98,BTC-25SEP20,11433.88,11442.5,2.0,1597176995459.0,87945832,1695416.0,
364,4460.0,buy,11272.98,BTC-25SEP20,11433.88,11442.5,3.0,1597176995510.0,87945836,1695417.0,
365,540.0,buy,11272.98,BTC-25SEP20,11433.88,11442.5,3.0,1597176995514.0,87945837,1695418.0,
366,2000.0,sell,11273.73,BTC-25SEP20,11434.63,11429.0,2.0,1597176995710.0,87945891,1695419.0,
367,500.0,sell,11273.73,BTC-25SEP20,11434.63,11424.5,2.0,1597176995790.0,87945945,1695420.0,
368,7710.0,sell,11273.73,BTC-25SEP20,11434.63,11422.5,3.0,1597176995801.0,87945950,1695424.0,
369,4850.0,sell,11273.73,BTC-25SEP20,11434.63,11422.5,3.0,1597176995804.0,87945951,1695425.0,
370,4120.0,sell,11273.73,BTC-25SEP20,11434.63,11422.5,3.0,1597176995805.0,87945954,1695426.0,
371,6910.0,sell,11273.73,BTC-25SEP20,11434.63,11422.5,3.0,1597176995806.0,87945955,1695427.0,
372,850.0,sell,11273.73,BTC-25SEP20,11434.63,11429.5,0.0,1597176995941.0,87945987,1695428.0,
373,2740.0,buy,11270.21,BTC-25SEP20,11430.78,11421.5,2.0,1597176996678.0,87946141,1695429.0,
374,33400.0,buy,11270.21,BTC-25SEP20,11430.78,11427.0,0.0,1597176996688.0,87946142,1695430.0,
375,4550.0,buy,11270.21,BTC-25SEP20,11430.78,11427.0,1.0,1597176996691.0,87946144,1695431.0,
376,5530.0,buy,11270.21,BTC-25SEP20,11430.78,11427.0,1.0,1597176996703.0,87946149,1695432.0,
377,3310.0,buy,11270.21,BTC-25SEP20,11430.78,11427.0,1.0,1597176996705.0,87946150,1695433.0,
378,2920.0,buy,11270.21,BTC-25SEP20,11430.53,11421.5,2.0,1597176997225.0,87946174,1695434.0,
379,5000.0,sell,11270.21,BTC-25SEP20,11430.53,11421.0,2.0,1597176997238.0,87946179,1695435.0,
380,710.0,sell,11270.21,BTC-25SEP20,11430.53,11421.0,3.0,1597176997241.0,87946180,1695436.0,
381,5000.0,sell,11270.21,BTC-25SEP20,11430.53,11420.5,2.0,1597176997351.0,87946215,1695437.0,
382,18650.0,sell,11270.21,BTC-25SEP20,11430.53,11420.0,2.0,1597176997355.0,87946216,1695438.0,
383,10580.0,sell,11270.21,BTC-25SEP20,11430.53,11420.0,3.0,1597176997356.0,87946217,1695439.0,
384,30410.0,sell,11270.21,BTC-25SEP20,11430.53,11420.0,3.0,1597176997357.0,87946218,1695440.0,
385,3300.0,sell,11270.21,BTC-25SEP20,11430.53,11420.0,3.0,1597176997440.0,87946242,1695441.0,
386,1730.0,sell,11270.21,BTC-25SEP20,11430.53,11420.0,3.0,1597176997440.0,87946243,1695442.0,
387,2630.0,sell,11270.21,BTC-25SEP20,11430.53,11420.0,3.0,1597176997441.0,87946244,1695443.0,
388,5370.0,sell,11270.21,BTC-25SEP20,11430.53,11420.0,3.0,1597176997443.0,87946245,1695444.0,
389,2280.0,sell,11270.21,BTC-25SEP20,11430.53,11420.0,3.0,1597176997465.0,87946246,1695445.0,
390,2280.0,sell,11270.21,BTC-25SEP20,11430.53,11420.0,3.0,1597176997487.0,87946247,1695446.0,
391,2280.0,sell,11270.21,BTC-25SEP20,11430.53,11420.0,3.0,1597176997497.0,87946249,1695447.0,
392,9300.0,sell,11263.13,BTC-25SEP20,11423.45,11420.0,3.0,1597176997627.0,87946256,1695448.0,
393,5000.0,sell,11263.13,BTC-25SEP20,11423.45,11420.0,3.0,1597176997717.0,87946264,1695449.0,
394,1830.0,sell,11263.13,BTC-25SEP20,11423.45,11420.0,3.0,1597176997833.0,87946270,1695450.0,
395,4170.0,sell,11263.13,BTC-25SEP20,11423.45,11420.0,3.0,1597176997839.0,87946271,1695451.0,
396,8560.0,sell,11263.13,BTC-25SEP20,11423.45,11420.0,3.0,1597176997841.0,87946272,1695452.0,
397,9560.0,sell,11263.13,BTC-25SEP20,11423.23,11420.0,3.0,1597176998059.0,87946290,1695453.0,
398,14500.0,sell,11263.13,BTC-25SEP20,11423.23,11420.0,3.0,1597176998281.0,87946328,1695454.0,
399,2280.0,buy,11263.13,BTC-25SEP20,11423.23,11421.0,0.0,1597176998609.0,87946334,1695455.0,
400,10.0,buy,11263.13,BTC-25SEP20,11423.23,11421.0,1.0,1597176998617.0,87946337,1695457.0,
401,500.0,sell,11259.14,BTC-25SEP20,11419.24,11424.0,0.0,1597176998656.0,87946341,1695459.0,
402,2800.0,sell,11259.14,BTC-25SEP20,11419.55,11424.0,1.0,1597176999211.0,87946369,1695460.0,
403,3250.0,sell,11259.14,BTC-25SEP20,11419.55,11420.0,2.0,1597176999270.0,87946371,1695461.0,T
404,50890.0,buy,11259.14,BTC-25SEP20,11419.55,11427.5,0.0,1597176999462.0,87946393,1695462.0,
405,8510.0,buy,11259.14,BTC-25SEP20,11419.55,11427.5,1.0,1597176999464.0,87946394,1695463.0,
406,3180.0,buy,11262.45,BTC-25SEP20,11422.86,11427.0,2.0,1597176999667.0,87946403,1695464.0,
407,1490.0,buy,11262.45,BTC-25SEP20,11422.86,11427.0,3.0,1597176999761.0,87946407,1695465.0,
408,330.0,buy,11262.45,BTC-25SEP20,11423.13,11427.0,3.0,1597177000072.0,87946420,1695466.0,
409,850.0,buy,11262.45,BTC-25SEP20,11423.13,11428.0,0.0,1597177000261.0,87946423,1695467.0,
410,970.0,buy,11262.45,BTC-25SEP20,11423.13,11428.0,1.0,1597177000297.0,87946425,1695468.0,
411,34310.0,buy,11262.45,BTC-25SEP20,11423.13,11435.5,0.0,1597177000495.0,87946448,1695469.0,
412,4030.0,sell,11262.45,BTC-25SEP20,11423.13,11437.5,1.0,1597177000510.0,87946450,1695471.0,
413,4030.0,sell,11262.45,BTC-25SEP20,11423.13,11437.5,1.0,1597177000512.0,87946451,1695472.0,
414,4030.0,sell,11262.45,BTC-25SEP20,11423.13,11437.5,1.0,1597177000517.0,87946452,1695473.0,
415,4030.0,sell,11264.25,BTC-25SEP20,11424.93,11437.5,1.0,1597177000651.0,87946461,1695474.0,
416,4030.0,sell,11264.25,BTC-25SEP20,11424.93,11437.5,1.0,1597177000653.0,87946462,1695475.0,
417,4030.0,sell,11264.25,BTC-25SEP20,11424.93,11437.5,1.0,1597177000658.0,87946464,1695476.0,
418,4030.0,sell,11264.25,BTC-25SEP20,11424.93,11437.5,1.0,1597177000660.0,87946465,1695477.0,
419,4030.0,sell,11264.25,BTC-25SEP20,11424.93,11437.5,1.0,1597177000662.0,87946466,1695478.0,
420,5600.0,sell,11264.25,BTC-25SEP20,11424.93,11437.5,1.0,1597177000852.0,87946468,1695479.0,
421,3020.0,sell,11264.25,BTC-25SEP20,11424.93,11437.5,1.0,1597177000880.0,87946469,1695480.0,
422,4030.0,sell,11264.25,BTC-25SEP20,11424.93,11437.5,1.0,1597177000882.0,87946470,1695481.0,
423,4030.0,sell,11264.25,BTC-25SEP20,11424.93,11437.5,1.0,1597177000890.0,87946471,1695482.0,
424,850.0,sell,11264.25,BTC-25SEP20,11425.74,11438.0,0.0,1597177001312.0,87946483,1695483.0,
425,50.0,sell,11264.25,BTC-25SEP20,11425.74,11438.0,0.0,1597177001452.0,87946489,1695485.0,
426,800.0,sell,11264.25,BTC-25SEP20,11425.74,11438.0,1.0,1597177001452.0,87946490,1695486.0,
427,2740.0,sell,11264.43,BTC-25SEP20,11425.92,11437.5,2.0,1597177001990.0,87946514,1695487.0,
428,5270.0,buy,11264.43,BTC-25SEP20,11426.66,11438.0,0.0,1597177002303.0,87946524,1695488.0,
429,3430.0,buy,11264.43,BTC-25SEP20,11426.66,11438.0,1.0,1597177002306.0,87946527,1695491.0,
430,500.0,buy,11265.69,BTC-25SEP20,11428.57,11438.5,0.0,1597177003108.0,87946655,1695492.0,
431,850.0,buy,11265.69,BTC-25SEP20,11428.57,11443.5,0.0,1597177003212.0,87946660,1695493.0,
432,1000.0,sell,11265.69,BTC-25SEP20,11428.57,11440.0,2.0,1597177003215.0,87946662,1695495.0,
433,1000.0,sell,11264.71,BTC-25SEP20,11428.27,11434.5,2.0,1597177004295.0,87946713,1695497.0,
434,2740.0,buy,11264.47,BTC-25SEP20,11427.99,11427.5,2.0,1597177005090.0,87946734,1695498.0,
435,350.0,buy,11264.47,BTC-25SEP20,11427.99,11428.5,0.0,1597177005363.0,87946768,1695499.0,
436,11430.0,buy,11264.47,BTC-25SEP20,11427.99,11434.5,0.0,1597177005384.0,87946771,1695500.0,
437,1600.0,buy,11265.81,BTC-25SEP20,11429.33,11438.0,0.0,1597177005990.0,87946793,1695502.0,
438,3430.0,sell,11265.81,BTC-25SEP20,11429.89,11434.0,2.0,1597177006396.0,87946832,1695503.0,
439,3430.0,sell,11265.81,BTC-25SEP20,11429.89,11434.0,3.0,1597177006400.0,87946833,1695504.0,
440,3430.0,sell,11265.81,BTC-25SEP20,11429.89,11434.0,3.0,1597177006402.0,87946834,1695505.0,
441,3430.0,sell,11265.81,BTC-25SEP20,11429.89,11434.0,3.0,1597177006404.0,87946836,1695506.0,
442,3430.0,sell,11265.81,BTC-25SEP20,11429.89,11434.0,3.0,1597177006405.0,87946837,1695507.0,
443,3430.0,sell,11265.81,BTC-25SEP20,11429.89,11434.0,3.0,1597177006409.0,87946838,1695508.0,
444,3430.0,sell,11265.81,BTC-25SEP20,11429.89,11434.0,3.0,1597177006411.0,87946839,1695509.0,
445,3430.0,sell,11265.81,BTC-25SEP20,11429.89,11434.0,3.0,1597177006415.0,87946840,1695510.0,
446,3430.0,sell,11265.81,BTC-25SEP20,11429.89,11434.0,3.0,1597177006418.0,87946841,1695511.0,
447,500.0,sell,11265.64,BTC-25SEP20,11429.91,11425.5,2.0,1597177007802.0,87946885,1695512.0,
448,510.0,sell,11265.64,BTC-25SEP20,11429.91,11421.5,3.0,1597177007805.0,87946888,1695515.0,
449,2480.0,sell,11265.64,BTC-25SEP20,11429.91,11420.0,2.0,1597177007811.0,87946895,1695516.0,
450,10190.0,sell,11265.64,BTC-25SEP20,11429.91,11420.0,3.0,1597177007812.0,87946896,1695517.0,
451,15680.0,sell,11265.64,BTC-25SEP20,11429.91,11420.0,3.0,1597177007814.0,87946897,1695518.0,
452,2740.0,sell,11265.64,BTC-25SEP20,11429.91,11420.0,3.0,1597177007824.0,87946898,1695519.0,
453,90.0,sell,11265.64,BTC-25SEP20,11429.91,11420.0,3.0,1597177007857.0,87946900,1695520.0,
454,3100.0,sell,11265.64,BTC-25SEP20,11429.27,11420.0,3.0,1597177008085.0,87946910,1695521.0,
455,4000.0,sell,11265.64,BTC-25SEP20,11429.27,11420.0,3.0,1597177008130.0,87946913,1695522.0,
456,3870.0,sell,11265.64,BTC-25SEP20,11429.27,11420.0,3.0,1597177008133.0,87946914,1695523.0,
457,2650.0,sell,11265.64,BTC-25SEP20,11429.27,11420.0,3.0,1597177008137.0,87946919,1695524.0,
458,4000.0,sell,11265.64,BTC-25SEP20,11429.27,11420.0,3.0,1597177008140.0,87946920,1695525.0,
459,57180.0,sell,11265.64,BTC-25SEP20,11429.27,11420.0,3.0,1597177008370.0,87946929,1695526.0,
460,2740.0,sell,11261.35,BTC-25SEP20,11424.98,11420.0,3.0,1597177008715.0,87946930,1695527.0,
461,2740.0,sell,11261.35,BTC-25SEP20,11424.66,11420.0,3.0,1597177009515.0,87946948,1695528.0,
462,2740.0,sell,11262.63,BTC-25SEP20,11425.94,11420.0,3.0,1597177009795.0,87946962,1695529.0,
463,20.0,sell,11262.63,BTC-25SEP20,11425.94,11420.0,3.0,1597177009901.0,87946964,1695530.0,
464,2740.0,sell,11262.63,BTC-25SEP20,11425.94,11420.0,3.0,1597177010034.0,87946968,1695531.0,
465,2740.0,sell,11262.63,BTC-25SEP20,11425.55,11420.0,3.0,1597177010420.0,87946976,1695532.0,
466,2740.0,sell,11262.63,BTC-25SEP20,11425.55,11420.0,3.0,1597177010704.0,87946982,1695533.0,
467,2740.0,sell,11261.96,BTC-25SEP20,11424.88,11420.0,3.0,1597177010964.0,87946984,1695534.0,
468,2740.0,sell,11261.96,BTC-25SEP20,11424.57,11420.0,3.0,1597177011233.0,87946986,1695535.0,
469,2740.0,sell,11261.96,BTC-25SEP20,11424.57,11420.0,3.0,1597177011530.0,87946997,1695536.0,
470,2740.0,sell,11256.39,BTC-25SEP20,11419.0,11420.0,3.0,1597177011818.0,87946999,1695537.0,
471,1600.0,sell,11256.39,BTC-25SEP20,11419.06,11420.0,3.0,1597177012105.0,87947008,1695538.0,
472,2740.0,sell,11256.39,BTC-25SEP20,11419.06,11420.0,3.0,1597177012134.0,87947009,1695539.0,
473,2730.0,sell,11256.39,BTC-25SEP20,11419.06,11420.0,3.0,1597177012643.0,87947030,1695540.0,
474,6050.0,sell,11256.39,BTC-25SEP20,11419.06,11420.0,3.0,1597177012696.0,87947037,1695541.0,
475,5750.0,sell,11254.45,BTC-25SEP20,11417.12,11420.0,3.0,1597177012779.0,87947043,1695542.0,
476,5000.0,sell,11254.45,BTC-25SEP20,11417.12,11420.0,3.0,1597177012931.0,87947044,1695543.0,
477,2730.0,sell,11254.45,BTC-25SEP20,11417.12,11420.0,3.0,1597177013009.0,87947047,1695544.0,
478,2730.0,sell,11254.45,BTC-25SEP20,11417.31,11420.0,3.0,1597177013279.0,87947055,1695545.0,
479,2730.0,sell,11253.05,BTC-25SEP20,11415.91,11420.0,3.0,1597177013767.0,87947060,1695546.0,
480,2730.0,sell,11253.05,BTC-25SEP20,11416.17,11420.0,3.0,1597177014091.0,87947065,1695547.0,
481,2730.0,sell,11253.05,BTC-25SEP20,11416.17,11420.0,3.0,1597177014421.0,87947067,1695548.0,
482,5500.0,sell,11250.03,BTC-25SEP20,11413.15,11420.0,3.0,1597177014916.0,87947073,1695549.0,
483,2730.0,sell,11250.03,BTC-25SEP20,11413.15,11420.0,3.0,1597177014929.0,87947074,1695550.0,
484,7000.0,sell,11250.03,BTC-25SEP20,11413.59,11420.0,3.0,1597177015201.0,87947075,1695551.0,
485,2730.0,sell,11250.03,BTC-25SEP20,11413.59,11420.0,3.0,1597177015257.0,87947077,1695552.0,
486,5560.0,sell,11250.03,BTC-25SEP20,11413.59,11420.0,3.0,1597177015420.0,87947088,1695553.0,
487,2730.0,sell,11250.03,BTC-25SEP20,11413.59,11420.0,3.0,1597177015647.0,87947104,1695554.0,
488,1190.0,sell,11249.09,BTC-25SEP20,11412.65,11420.0,3.0,1597177015820.0,87947106,1695555.0,
489,2730.0,sell,11249.09,BTC-25SEP20,11412.65,11420.0,3.0,1597177015928.0,87947108,1695556.0,
490,1000.0,buy,11249.09,BTC-25SEP20,11412.65,11420.5,0.0,1597177016010.0,87947109,1695557.0,
491,5660.0,sell,11249.09,BTC-25SEP20,11413.16,11420.0,2.0,1597177016122.0,87947113,1695558.0,
492,1710.0,sell,11249.09,BTC-25SEP20,11413.16,11420.0,3.0,1597177016215.0,87947118,1695559.0,
493,2730.0,sell,11249.09,BTC-25SEP20,11413.16,11420.0,3.0,1597177016274.0,87947119,1695560.0,
494,3130.0,sell,11249.09,BTC-25SEP20,11413.16,11420.0,3.0,1597177016306.0,87947120,1695561.0,
495,2730.0,sell,11250.11,BTC-25SEP20,11414.18,11415.0,2.0,1597177016848.0,87947123,1695563.0,
496,20.0,sell,11250.11,BTC-25SEP20,11414.23,11415.0,3.0,1597177017601.0,87947133,1695564.0,
497,1250.0,sell,11250.1,BTC-25SEP20,11414.27,11415.0,3.0,1597177018273.0,87947140,1695565.0,
498,10.0,sell,11250.32,BTC-25SEP20,11414.49,11413.0,0.0,1597177018892.0,87947163,1695570.0,
499,2730.0,sell,11250.32,BTC-25SEP20,11414.4,11410.0,2.0,1597177019728.0,87947180,1695571.0,
500,840.0,buy,11250.67,BTC-25SEP20,11414.75,11415.5,0.0,1597177020079.0,87947186,1695572.0,
501,10.0,buy,11250.67,BTC-25SEP20,11414.8,11415.5,1.0,1597177020098.0,87947188,1695574.0,
502,35460.0,buy,11250.67,BTC-25SEP20,11414.8,11416.5,0.0,1597177020109.0,87947194,1695579.0,
503,2730.0,sell,11250.67,BTC-25SEP20,11414.8,11415.0,2.0,1597177020171.0,87947198,1695580.0,
504,390.0,buy,11250.67,BTC-25SEP20,11414.8,11416.0,0.0,1597177020296.0,87947204,1695581.0,
505,2510.0,buy,11250.67,BTC-25SEP20,11414.8,11416.5,1.0,1597177020302.0,87947206,1695583.0,
506,3900.0,buy,11250.67,BTC-25SEP20,11414.8,11416.5,1.0,1597177020309.0,87947207,1695584.0,
507,5330.0,buy,11250.67,BTC-25SEP20,11414.8,11416.5,1.0,1597177020312.0,87947209,1695585.0,
508,3980.0,buy,11250.67,BTC-25SEP20,11414.8,11415.5,2.0,1597177020451.0,87947213,1695586.0,
509,1600.0,buy,11250.53,BTC-25SEP20,11414.71,11416.0,0.0,1597177021241.0,87947220,1695587.0,
510,2180.0,sell,11250.53,BTC-25SEP20,11414.71,11412.5,2.0,1597177021520.0,87947222,1695588.0,
511,1000.0,sell,11250.53,BTC-25SEP20,11414.71,11415.0,0.0,1597177021620.0,87947224,1695590.0,
512,110.0,buy,11250.55,BTC-25SEP20,11414.73,11415.5,0.0,1597177021828.0,87947234,1695591.0,
513,240.0,buy,11250.55,BTC-25SEP20,11415.04,11420.0,0.0,1597177022439.0,87947274,1695592.0,
514,1600.0,buy,11250.55,BTC-25SEP20,11415.04,11420.0,1.0,1597177022443.0,87947277,1695595.0,
515,7970.0,buy,11250.55,BTC-25SEP20,11415.04,11420.0,1.0,1597177022470.0,87947279,1695596.0,
516,3120.0,buy,11250.55,BTC-25SEP20,11415.04,11420.0,1.0,1597177022494.0,87947282,1695597.0,
517,11260.0,sell,11250.55,BTC-25SEP20,11415.04,11419.5,2.0,1597177022512.0,87947285,1695598.0,
518,1440.0,buy,11250.55,BTC-25SEP20,11415.04,11420.0,0.0,1597177022540.0,87947288,1695599.0,
519,2280.0,buy,11250.55,BTC-25SEP20,11415.04,11420.0,1.0,1597177022566.0,87947293,1695600.0,
520,1020.0,buy,11250.55,BTC-25SEP20,11415.04,11420.0,1.0,1597177022570.0,87947295,1695601.0,
521,1770.0,buy,11250.55,BTC-25SEP20,11415.04,11420.0,1.0,1597177022581.0,87947298,1695602.0,
522,4830.0,buy,11252.11,BTC-25SEP20,11417.01,11424.0,0.0,1597177023542.0,87947335,1695604.0,
523,880.0,buy,11252.11,BTC-25SEP20,11417.01,11424.0,1.0,1597177023544.0,87947336,1695605.0,
524,1100.0,buy,11259.79,BTC-25SEP20,11427.37,11431.0,0.0,1597177032667.0,87947416,1695606.0,
525,530.0,buy,11259.79,BTC-25SEP20,11427.37,11431.0,1.0,1597177032668.0,87947418,1695608.0,
526,18530.0,sell,11261.14,BTC-25SEP20,11428.87,11432.5,0.0,1597177033683.0,87947430,1695609.0,
527,17200.0,sell,11263.69,BTC-25SEP20,11431.84,11431.0,2.0,1597177036969.0,87947469,1695610.0,
528,670.0,sell,11263.69,BTC-25SEP20,11431.84,11430.5,2.0,1597177036971.0,87947470,1695611.0,
529,5000.0,sell,11263.69,BTC-25SEP20,11431.84,11430.5,3.0,1597177036976.0,87947472,1695613.0,
530,240.0,buy,11260.71,BTC-25SEP20,11428.63,11425.5,2.0,1597177040294.0,87947546,1695614.0,
531,3300.0,buy,11260.71,BTC-25SEP20,11428.63,11425.5,3.0,1597177040523.0,87947550,1695615.0,
532,480.0,buy,11260.71,BTC-25SEP20,11428.63,11425.5,3.0,1597177040630.0,87947552,1695616.0,
533,240.0,buy,11260.71,BTC-25SEP20,11428.63,11425.5,3.0,1597177040859.0,87947555,1695617.0,
534,240.0,buy,11259.06,BTC-25SEP20,11426.42,11435.0,0.0,1597177045924.0,87947590,1695618.0,
535,240.0,buy,11261.86,BTC-25SEP20,11429.22,11435.0,1.0,1597177046066.0,87947591,1695619.0,
536,10.0,buy,11263.17,BTC-25SEP20,11431.47,11436.0,0.0,1597177048151.0,87947610,1695620.0,
537,4900.0,buy,11263.17,BTC-25SEP20,11431.47,11436.5,0.0,1597177048260.0,87947621,1695622.0,
538,3640.0,buy,11263.17,BTC-25SEP20,11431.47,11436.5,1.0,1597177048301.0,87947622,1695623.0,
539,220.0,sell,11263.48,BTC-25SEP20,11432.08,11436.0,2.0,1597177049794.0,87947628,1695624.0,
540,120.0,sell,11262.95,BTC-25SEP20,11432.31,11432.0,2.0,1597177054070.0,87947651,1695625.0,
541,5000.0,sell,11261.35,BTC-25SEP20,11430.8,11426.0,2.0,1597177057510.0,87947674,1695627.0,
542,350.0,sell,11260.93,BTC-25SEP20,11430.47,11433.0,0.0,1597177064058.0,87947688,1695628.0,
543,20140.0,sell,11260.9,BTC-25SEP20,11430.61,11426.0,2.0,1597177064395.0,87947711,1695629.0,
544,5210.0,sell,11260.9,BTC-25SEP20,11430.61,11426.0,3.0,1597177064397.0,87947712,1695630.0,
545,1990.0,sell,11260.9,BTC-25SEP20,11430.61,11425.5,2.0,1597177064821.0,87947714,1695631.0,
546,8140.0,sell,11260.9,BTC-25SEP20,11430.61,11425.5,3.0,1597177064833.0,87947715,1695632.0,
547,2570.0,sell,11260.9,BTC-25SEP20,11430.61,11425.5,3.0,1597177064835.0,87947722,1695633.0,
548,3170.0,sell,11260.9,BTC-25SEP20,11430.61,11425.5,3.0,1597177064837.0,87947723,1695634.0,
549,2610.0,sell,11260.9,BTC-25SEP20,11430.61,11425.5,3.0,1597177064839.0,87947724,1695635.0,
550,3610.0,sell,11260.9,BTC-25SEP20,11430.61,11425.5,3.0,1597177064840.0,87947725,1695636.0,
551,1290.0,sell,11260.9,BTC-25SEP20,11430.61,11425.5,3.0,1597177064852.0,87947726,1695637.0,
552,1980.0,sell,11260.9,BTC-25SEP20,11430.61,11425.5,3.0,1597177064869.0,87947727,1695638.0,
553,1190.0,sell,11257.96,BTC-25SEP20,11427.53,11421.5,2.0,1597177065909.0,87947738,1695639.0,
554,810.0,sell,11257.96,BTC-25SEP20,11427.53,11421.5,3.0,1597177065910.0,87947739,1695640.0,
555,5000.0,sell,11256.08,BTC-25SEP20,11425.38,11416.5,2.0,1597177067044.0,87947749,1695641.0,
556,2740.0,sell,11256.44,BTC-25SEP20,11424.87,11422.5,0.0,1597177069305.0,87947766,1695642.0,
557,240.0,sell,11256.44,BTC-25SEP20,11424.87,11423.0,0.0,1597177069759.0,87947767,1695643.0,
558,1600.0,sell,11252.98,BTC-25SEP20,11421.29,11415.0,2.0,1597177071368.0,87947804,1695645.0,
559,5010.0,sell,11252.98,BTC-25SEP20,11421.29,11415.0,3.0,1597177071503.0,87947808,1695646.0,
560,5000.0,sell,11250.58,BTC-25SEP20,11418.43,11412.0,2.0,1597177073553.0,87947881,1695647.0,
561,25300.0,sell,11250.48,BTC-25SEP20,11417.92,11411.5,2.0,1597177074327.0,87947900,1695648.0,
562,10.0,sell,11250.48,BTC-25SEP20,11417.92,11400.0,2.0,1597177074578.0,87947911,1695658.0,
563,150.0,buy,11246.12,BTC-25SEP20,11412.53,11414.5,0.0,1597177076141.0,87947929,1695664.0,
564,240.0,buy,11247.49,BTC-25SEP20,11414.03,11414.5,1.0,1597177076281.0,87947931,1695665.0,
565,5000.0,sell,11242.56,BTC-25SEP20,11408.94,11406.0,2.0,1597177080524.0,87947973,1695666.0,
566,5010.0,sell,11242.56,BTC-25SEP20,11408.94,11403.5,2.0,1597177080807.0,87947985,1695667.0,
567,5010.0,sell,11242.56,BTC-25SEP20,11408.94,11403.5,3.0,1597177080888.0,87947986,1695668.0,
568,10040.0,sell,11242.56,BTC-25SEP20,11408.94,11403.5,3.0,1597177080924.0,87947987,1695669.0,
569,250.0,sell,11242.56,BTC-25SEP20,11408.94,11403.5,3.0,1597177080937.0,87947996,1695670.0,
570,2280.0,sell,11242.56,BTC-25SEP20,11408.94,11403.5,3.0,1597177080977.0,87948015,1695673.0,
571,2000.0,buy,11242.56,BTC-25SEP20,11408.94,11409.5,0.0,1597177081147.0,87948018,1695676.0,
572,2280.0,buy,11242.56,BTC-25SEP20,11408.94,11410.5,0.0,1597177081149.0,87948021,1695679.0,
573,1020.0,buy,11242.56,BTC-25SEP20,11409.04,11410.5,1.0,1597177081167.0,87948024,1695680.0,
574,4280.0,buy,11242.56,BTC-25SEP20,11409.04,11411.0,1.0,1597177081168.0,87948026,1695682.0,
575,10.0,sell,11242.75,BTC-25SEP20,11409.38,11407.0,2.0,1597177083066.0,87948038,1695683.0,
576,120.0,buy,11240.59,BTC-25SEP20,11407.02,11406.0,2.0,1597177084854.0,87948061,1695684.0,
577,5000.0,sell,11239.13,BTC-25SEP20,11405.45,11399.5,2.0,1597177087025.0,87948081,1695685.0,
578,240.0,buy,11238.83,BTC-25SEP20,11404.76,11406.0,0.0,1597177087332.0,87948084,1695686.0,
579,25280.0,sell,11233.4,BTC-25SEP20,11399.66,11394.0,2.0,1597177089363.0,87948134,1695687.0,
580,1960.0,sell,11233.4,BTC-25SEP20,11399.66,11380.5,3.0,1597177089391.0,87948139,1695692.0,
581,20.0,buy,11233.4,BTC-25SEP20,11399.66,11403.0,0.0,1597177089779.0,87948150,1695695.0,
582,850.0,buy,11234.78,BTC-25SEP20,11401.22,11402.5,2.0,1597177090557.0,87948173,1695697.0,
583,180.0,buy,11234.78,BTC-25SEP20,11401.22,11402.5,3.0,1597177090564.0,87948176,1695699.0,
584,2200.0,sell,11234.78,BTC-25SEP20,11401.22,11387.0,2.0,1597177090622.0,87948178,1695700.0,
585,1600.0,buy,11234.78,BTC-25SEP20,11401.22,11402.0,0.0,1597177090730.0,87948189,1695702.0,
586,600.0,buy,11236.55,BTC-25SEP20,11403.04,11402.0,1.0,1597177091470.0,87948227,1695703.0,
587,5160.0,buy,11236.55,BTC-25SEP20,11403.04,11402.5,1.0,1597177091479.0,87948234,1695705.0,
588,1630.0,buy,11236.55,BTC-25SEP20,11403.04,11402.5,1.0,1597177091531.0,87948240,1695706.0,
589,10.0,buy,11236.55,BTC-25SEP20,11403.04,11404.0,0.0,1597177091607.0,87948248,1695707.0,
590,1090.0,buy,11236.55,BTC-25SEP20,11403.04,11404.0,1.0,1597177091632.0,87948249,1695708.0,
591,220.0,buy,11236.55,BTC-25SEP20,11403.04,11404.0,1.0,1597177091757.0,87948254,1695710.0,
592,220.0,buy,11236.55,BTC-25SEP20,11403.04,11404.0,1.0,1597177091759.0,87948256,1695711.0,
593,3200.0,buy,11238.44,BTC-25SEP20,11404.99,11405.0,0.0,1597177092368.0,87948266,1695712.0,
594,1240.0,buy,11238.44,BTC-25SEP20,11404.99,11405.0,1.0,1597177092373.0,87948267,1695713.0,
595,1980.0,buy,11238.44,BTC-25SEP20,11404.99,11405.5,0.0,1597177092444.0,87948268,1695714.0,
596,1740.0,buy,11238.44,BTC-25SEP20,11404.99,11405.5,1.0,1597177092445.0,87948269,1695715.0,
597,1150.0,buy,11238.44,BTC-25SEP20,11404.99,11405.5,1.0,1597177092447.0,87948270,1695716.0,
598,10290.0,buy,11238.44,BTC-25SEP20,11404.99,11405.5,1.0,1597177092449.0,87948271,1695717.0,
599,6100.0,buy,11238.44,BTC-25SEP20,11404.99,11405.5,1.0,1597177092454.0,87948272,1695718.0,
600,1690.0,buy,11238.44,BTC-25SEP20,11404.99,11405.5,1.0,1597177092466.0,87948274,1695719.0,
601,870.0,buy,11238.44,BTC-25SEP20,11404.99,11415.0,0.0,1597177092577.0,87948279,1695720.0,
602,580.0,buy,11240.74,BTC-25SEP20,11407.81,11413.0,2.0,1597177093634.0,87948293,1695721.0,
603,1600.0,sell,11245.23,BTC-25SEP20,11414.51,11422.5,0.0,1597177098237.0,87948376,1695724.0,
604,2280.0,sell,11246.65,BTC-25SEP20,11415.93,11422.5,1.0,1597177098471.0,87948380,1695725.0,
605,5000.0,sell,11245.57,BTC-25SEP20,11415.27,11411.5,2.0,1597177099592.0,87948412,1695726.0,
606,5000.0,sell,11247.33,BTC-25SEP20,11416.42,11413.0,0.0,1597177108573.0,87948464,1695727.0,
607,260.0,sell,11246.71,BTC-25SEP20,11415.58,11418.5,0.0,1597177109589.0,87948472,1695728.0,
608,500.0,buy,11247.13,BTC-25SEP20,11416.88,11419.5,0.0,1597177115374.0,87948488,1695729.0,
609,10.0,sell,11247.79,BTC-25SEP20,11417.7,11412.0,2.0,1597177116324.0,87948495,1695731.0,
610,1440.0,buy,11251.85,BTC-25SEP20,11421.57,11420.5,0.0,1597177122693.0,87948530,1695734.0,
611,740.0,buy,11252.86,BTC-25SEP20,11422.57,11427.5,0.0,1597177123920.0,87948547,1695735.0,
612,240.0,buy,11253.03,BTC-25SEP20,11423.06,11427.5,1.0,1597177125032.0,87948553,1695736.0,
613,240.0,sell,11254.13,BTC-25SEP20,11424.93,11426.5,2.0,1597177128502.0,87948574,1695737.0,
614,240.0,sell,11253.8,BTC-25SEP20,11424.6,11426.5,3.0,1597177128993.0,87948588,1695738.0,
615,240.0,buy,11253.5,BTC-25SEP20,11424.2,11426.5,0.0,1597177129705.0,87948595,1695742.0,
616,1200.0,sell,11253.68,BTC-25SEP20,11424.66,11426.0,2.0,1597177131533.0,87948603,1695743.0,
617,20950.0,sell,11253.39,BTC-25SEP20,11424.37,11426.0,3.0,1597177131720.0,87948604,1695744.0,
618,19640.0,sell,11253.39,BTC-25SEP20,11424.37,11426.0,3.0,1597177131727.0,87948605,1695745.0,
619,4070.0,sell,11253.39,BTC-25SEP20,11424.37,11426.0,3.0,1597177131730.0,87948606,1695746.0,
620,2250.0,buy,11253.39,BTC-25SEP20,11424.37,11426.5,0.0,1597177132057.0,87948609,1695747.0,
621,3660.0,sell,11252.96,BTC-25SEP20,11424.11,11426.0,2.0,1597177132741.0,87948617,1695753.0,
622,480.0,sell,11252.96,BTC-25SEP20,11424.11,11426.0,3.0,1597177132749.0,87948618,1695754.0,
623,70.0,sell,11252.96,BTC-25SEP20,11424.11,11426.0,3.0,1597177132784.0,87948620,1695756.0,
624,2260.0,buy,11250.81,BTC-25SEP20,11422.11,11422.5,2.0,1597177134271.0,87948645,1695757.0,
625,200.0,sell,11249.37,BTC-25SEP20,11420.67,11420.0,2.0,1597177135720.0,87948667,1695770.0,
626,2000.0,buy,11249.38,BTC-25SEP20,11420.16,11421.0,0.0,1597177137449.0,87948672,1695772.0,
627,2260.0,sell,11249.38,BTC-25SEP20,11420.16,11424.5,0.0,1597177137523.0,87948675,1695774.0,
628,8890.0,sell,11247.7,BTC-25SEP20,11420.09,11424.0,3.0,1597177143526.0,87948688,1695777.0,
629,5000.0,sell,11245.11,BTC-25SEP20,11417.23,11406.5,2.0,1597177145507.0,87948734,1695779.0,
630,5000.0,sell,11239.62,BTC-25SEP20,11409.58,11398.5,2.0,1597177149355.0,87948793,1695780.0,
631,1100.0,buy,11233.72,BTC-25SEP20,11402.29,11401.0,0.0,1597177152465.0,87948812,1695781.0,
632,5700.0,buy,11233.72,BTC-25SEP20,11402.27,11401.5,2.0,1597177153450.0,87948849,1695788.0,
633,6730.0,buy,11233.72,BTC-25SEP20,11402.27,11402.0,0.0,1597177153452.0,87948850,1695789.0,
634,1600.0,buy,11234.75,BTC-25SEP20,11403.3,11402.0,1.0,1597177154160.0,87948858,1695790.0,
635,3050.0,buy,11236.41,BTC-25SEP20,11404.88,11405.5,0.0,1597177154789.0,87948876,1695791.0,
636,1950.0,buy,11236.41,BTC-25SEP20,11404.88,11405.5,1.0,1597177154935.0,87948882,1695792.0,
637,3390.0,buy,11236.41,BTC-25SEP20,11404.88,11406.5,0.0,1597177154941.0,87948886,1695793.0,
638,1740.0,buy,11236.41,BTC-25SEP20,11404.88,11406.5,1.0,1597177154947.0,87948887,1695794.0,
639,2470.0,buy,11236.41,BTC-25SEP20,11404.88,11406.5,1.0,1597177154948.0,87948888,1695795.0,
640,3190.0,buy,11236.41,BTC-25SEP20,11404.88,11406.5,1.0,1597177154949.0,87948889,1695796.0,
641,2330.0,buy,11236.41,BTC-25SEP20,11404.88,11406.5,1.0,1597177154959.0,87948890,1695797.0,
642,6110.0,buy,11236.41,BTC-25SEP20,11404.88,11406.5,1.0,1597177154967.0,87948894,1695798.0,
643,5570.0,buy,11236.41,BTC-25SEP20,11404.88,11406.5,1.0,1597177154969.0,87948895,1695799.0,
644,4550.0,buy,11236.41,BTC-25SEP20,11404.88,11406.5,1.0,1597177154970.0,87948896,1695800.0,
645,1800.0,buy,11236.41,BTC-25SEP20,11404.88,11406.5,1.0,1597177154970.0,87948897,1695801.0,
646,4490.0,buy,11236.41,BTC-25SEP20,11404.88,11406.5,1.0,1597177154972.0,87948898,1695802.0,
647,540.0,buy,11236.41,BTC-25SEP20,11404.88,11406.5,1.0,1597177154974.0,87948899,1695803.0,
648,1990.0,buy,11236.41,BTC-25SEP20,11404.98,11409.0,0.0,1597177155279.0,87948905,1695804.0,
649,2110.0,buy,11236.41,BTC-25SEP20,11404.98,11409.0,1.0,1597177155280.0,87948906,1695805.0,
650,5000.0,buy,11236.41,BTC-25SEP20,11404.98,11410.0,0.0,1597177155288.0,87948909,1695806.0,
651,20.0,buy,11236.41,BTC-25SEP20,11404.98,11413.0,0.0,1597177155342.0,87948922,1695807.0,
652,1420.0,buy,11236.41,BTC-25SEP20,11404.98,11413.5,0.0,1597177155343.0,87948923,1695808.0,
653,3260.0,buy,11236.41,BTC-25SEP20,11404.98,11413.5,1.0,1597177155351.0,87948926,1695809.0,
654,740.0,buy,11244.61,BTC-25SEP20,11413.66,11414.0,0.0,1597177158315.0,87948941,1695810.0,
655,4260.0,buy,11244.63,BTC-25SEP20,11413.66,11414.0,1.0,1597177161951.0,87948976,1695811.0,
656,6130.0,sell,11244.0,BTC-25SEP20,11413.41,11414.0,2.0,1597177162816.0,87948987,1695816.0,
657,6130.0,sell,11244.0,BTC-25SEP20,11413.41,11414.0,3.0,1597177162818.0,87948988,1695817.0,
658,6130.0,sell,11244.0,BTC-25SEP20,11413.41,11414.0,3.0,1597177162820.0,87948989,1695818.0,
659,6130.0,sell,11244.0,BTC-25SEP20,11413.41,11414.0,3.0,1597177162824.0,87948990,1695819.0,
660,6130.0,sell,11244.0,BTC-25SEP20,11413.41,11414.0,3.0,1597177162835.0,87948991,1695820.0,
661,3530.0,sell,11244.0,BTC-25SEP20,11413.41,11414.0,3.0,1597177162836.0,87948992,1695821.0,
662,2600.0,sell,11244.0,BTC-25SEP20,11413.41,11414.0,3.0,1597177162837.0,87948993,1695822.0,
663,3530.0,sell,11244.0,BTC-25SEP20,11413.41,11414.0,3.0,1597177162839.0,87948994,1695823.0,
664,2600.0,sell,11244.0,BTC-25SEP20,11413.41,11414.0,3.0,1597177162840.0,87948995,1695824.0,
665,3530.0,sell,11244.0,BTC-25SEP20,11413.41,11414.0,3.0,1597177162841.0,87948996,1695825.0,
666,2970.0,sell,11244.0,BTC-25SEP20,11413.41,11414.0,3.0,1597177162867.0,87948997,1695826.0,
667,590.0,sell,11244.0,BTC-25SEP20,11413.41,11414.0,3.0,1597177162869.0,87948998,1695827.0,
668,500.0,buy,11244.0,BTC-25SEP20,11413.41,11412.5,2.0,1597177163710.0,87949010,1695828.0,
669,10000.0,sell,11236.6,BTC-25SEP20,11406.74,11406.0,2.0,1597177167500.0,87949068,1695830.0,
670,100.0,sell,11236.6,BTC-25SEP20,11406.74,11406.0,3.0,1597177167541.0,87949076,1695831.0,
671,6120.0,sell,11236.6,BTC-25SEP20,11406.74,11406.0,3.0,1597177167544.0,87949078,1695832.0,
672,6120.0,sell,11236.6,BTC-25SEP20,11406.74,11406.0,3.0,1597177167546.0,87949079,1695833.0,
673,1600.0,sell,11236.6,BTC-25SEP20,11406.74,11406.0,3.0,1597177167549.0,87949080,1695834.0,
674,6120.0,sell,11236.6,BTC-25SEP20,11406.74,11406.0,3.0,1597177167551.0,87949081,1695835.0,
675,6120.0,sell,11236.6,BTC-25SEP20,11406.74,11406.0,3.0,1597177167554.0,87949082,1695836.0,
676,4660.0,sell,11236.6,BTC-25SEP20,11406.74,11406.0,3.0,1597177167558.0,87949084,1695837.0,
677,2280.0,sell,11236.6,BTC-25SEP20,11406.74,11406.0,3.0,1597177167563.0,87949088,1695838.0,
678,1630.0,sell,11236.6,BTC-25SEP20,11406.74,11406.0,3.0,1597177167603.0,87949096,1695839.0,
679,2280.0,sell,11236.6,BTC-25SEP20,11406.74,11406.0,3.0,1597177167610.0,87949098,1695840.0,
680,200.0,sell,11236.6,BTC-25SEP20,11406.74,11406.0,3.0,1597177167620.0,87949102,1695841.0,
681,110.0,sell,11236.6,BTC-25SEP20,11406.74,11406.0,3.0,1597177167623.0,87949103,1695842.0,
682,52660.0,sell,11236.6,BTC-25SEP20,11406.74,11406.0,3.0,1597177167639.0,87949108,1695843.0,
683,5000.0,sell,11236.6,BTC-25SEP20,11406.74,11394.5,2.0,1597177167735.0,87949116,1695844.0,
684,190.0,sell,11227.4,BTC-25SEP20,11395.59,11381.0,2.0,1597177169664.0,87949297,1695853.0,
685,2540.0,sell,11224.57,BTC-25SEP20,11391.7,11388.5,0.0,1597177171499.0,87949345,1695854.0,
686,3030.0,sell,11224.57,BTC-25SEP20,11391.7,11386.0,2.0,1597177171656.0,87949348,1695855.0,
687,850.0,buy,11221.86,BTC-25SEP20,11388.46,11389.5,0.0,1597177173673.0,87949387,1695856.0,
688,5690.0,buy,11221.86,BTC-25SEP20,11388.46,11390.0,0.0,1597177173675.0,87949389,1695858.0,
689,2500.0,buy,11221.86,BTC-25SEP20,11388.46,11392.0,0.0,1597177173685.0,87949394,1695860.0,
690,2540.0,buy,11221.86,BTC-25SEP20,11388.46,11386.5,2.0,1597177173825.0,87949397,1695861.0,
691,10.0,buy,11221.86,BTC-25SEP20,11388.46,11386.5,3.0,1597177173825.0,87949398,1695862.0,
692,3300.0,buy,11222.87,BTC-25SEP20,11389.83,11395.5,0.0,1597177174331.0,87949424,1695863.0,
693,4990.0,buy,11222.87,BTC-25SEP20,11389.83,11394.0,2.0,1597177174517.0,87949428,1695865.0,
694,10.0,buy,11222.87,BTC-25SEP20,11389.83,11394.0,3.0,1597177174653.0,87949433,1695866.0,
695,1000.0,sell,11222.7,BTC-25SEP20,11390.13,11395.0,0.0,1597177175545.0,87949450,1695867.0,
696,1180.0,sell,11223.19,BTC-25SEP20,11390.62,11396.0,0.0,1597177176071.0,87949465,1695868.0,
697,8690.0,sell,11223.19,BTC-25SEP20,11390.62,11396.0,1.0,1597177176142.0,87949466,1695869.0,
698,1890.0,sell,11223.19,BTC-25SEP20,11390.62,11396.0,1.0,1597177176159.0,87949468,1695870.0,
699,3970.0,sell,11223.19,BTC-25SEP20,11390.62,11396.0,1.0,1597177176166.0,87949469,1695871.0,
700,2580.0,sell,11223.19,BTC-25SEP20,11390.97,11396.0,1.0,1597177176517.0,87949474,1695872.0,
701,2740.0,sell,11223.19,BTC-25SEP20,11390.97,11396.0,1.0,1597177176520.0,87949475,1695873.0,
702,1250.0,sell,11223.19,BTC-25SEP20,11390.97,11396.0,1.0,1597177176525.0,87949476,1695874.0,
703,1850.0,sell,11223.19,BTC-25SEP20,11390.97,11396.0,1.0,1597177176526.0,87949477,1695875.0,
704,6270.0,sell,11223.19,BTC-25SEP20,11390.97,11396.0,1.0,1597177176533.0,87949478,1695876.0,
705,4140.0,sell,11223.19,BTC-25SEP20,11390.97,11396.0,1.0,1597177176540.0,87949479,1695877.0,
706,1270.0,sell,11223.19,BTC-25SEP20,11390.97,11396.0,1.0,1597177176542.0,87949480,1695878.0,
707,5320.0,sell,11223.19,BTC-25SEP20,11390.97,11396.0,1.0,1597177176543.0,87949481,1695879.0,
708,2710.0,sell,11223.19,BTC-25SEP20,11390.97,11396.0,1.0,1597177176545.0,87949482,1695880.0,
709,4040.0,sell,11223.19,BTC-25SEP20,11390.97,11396.0,1.0,1597177176550.0,87949483,1695881.0,
710,2100.0,sell,11223.19,BTC-25SEP20,11390.97,11396.0,1.0,1597177176551.0,87949484,1695882.0,
711,1020.0,sell,11223.19,BTC-25SEP20,11390.97,11393.5,2.0,1597177176677.0,87949495,1695883.0,
712,2280.0,buy,11222.56,BTC-25SEP20,11390.34,11394.0,0.0,1597177177194.0,87949496,1695884.0,
713,13070.0,sell,11222.56,BTC-25SEP20,11390.34,11398.0,0.0,1597177177202.0,87949501,1695889.0,
714,2280.0,sell,11222.56,BTC-25SEP20,11390.34,11398.0,1.0,1597177177203.0,87949502,1695890.0,
715,4040.0,sell,11222.56,BTC-25SEP20,11390.34,11398.0,1.0,1597177177203.0,87949503,1695891.0,
716,1510.0,sell,11222.56,BTC-25SEP20,11390.83,11398.0,1.0,1597177177447.0,87949511,1695892.0,
717,100.0,sell,11222.56,BTC-25SEP20,11390.83,11398.0,1.0,1597177177448.0,87949512,1695893.0,
718,1300.0,sell,11222.56,BTC-25SEP20,11390.83,11398.0,1.0,1597177177454.0,87949513,1695894.0,
719,1660.0,sell,11222.56,BTC-25SEP20,11390.83,11398.0,1.0,1597177177462.0,87949514,1695895.0,
720,1800.0,sell,11222.56,BTC-25SEP20,11390.83,11398.0,1.0,1597177177468.0,87949515,1695896.0,
721,4960.0,sell,11222.56,BTC-25SEP20,11390.83,11398.0,1.0,1597177177472.0,87949516,1695897.0,
722,2280.0,buy,11223.21,BTC-25SEP20,11391.78,11393.0,2.0,1597177178709.0,87949526,1695898.0,
723,2280.0,sell,11223.21,BTC-25SEP20,11391.78,11394.0,1.0,1597177178712.0,87949528,1695900.0,
724,2280.0,sell,11223.21,BTC-25SEP20,11391.78,11394.0,1.0,1597177178717.0,87949529,1695901.0,
725,2280.0,buy,11222.4,BTC-25SEP20,11391.44,11400.0,0.0,1597177180772.0,87949575,1695902.0,
726,46720.0,sell,11223.82,BTC-25SEP20,11394.53,11400.0,1.0,1597177184414.0,87949604,1695904.0,
727,10.0,sell,11222.65,BTC-25SEP20,11393.73,11394.0,2.0,1597177185411.0,87949618,1695905.0,
728,5000.0,sell,11221.47,BTC-25SEP20,11392.55,11394.0,3.0,1597177186062.0,87949620,1695906.0,
729,5680.0,sell,11220.57,BTC-25SEP20,11391.89,11394.0,3.0,1597177190276.0,87949639,1695907.0,
730,5720.0,sell,11220.57,BTC-25SEP20,11392.03,11394.0,3.0,1597177190632.0,87949643,1695908.0,
731,7000.0,sell,11220.57,BTC-25SEP20,11392.03,11394.0,3.0,1597177190704.0,87949644,1695909.0,
732,5590.0,sell,11220.57,BTC-25SEP20,11392.03,11394.0,3.0,1597177190917.0,87949646,1695910.0,
733,5560.0,sell,11219.1,BTC-25SEP20,11390.56,11394.0,3.0,1597177191038.0,87949654,1695911.0,
734,3600.0,sell,11219.1,BTC-25SEP20,11390.78,11394.0,3.0,1597177191298.0,87949672,1695912.0,
735,5000.0,sell,11217.68,BTC-25SEP20,11389.39,11381.5,2.0,1597177193246.0,87949693,1695913.0,
736,1110.0,sell,11217.68,BTC-25SEP20,11388.89,11379.5,2.0,1597177193560.0,87949702,1695914.0,
737,3590.0,sell,11214.68,BTC-25SEP20,11383.02,11384.0,0.0,1597177200409.0,87949731,1695916.0,
738,3680.0,sell,11214.68,BTC-25SEP20,11383.02,11384.0,1.0,1597177200421.0,87949733,1695917.0,
739,180.0,sell,11214.68,BTC-25SEP20,11383.02,11384.0,1.0,1597177200615.0,87949742,1695918.0,
740,120.0,sell,11212.79,BTC-25SEP20,11381.31,11384.0,1.0,1597177201314.0,87949749,1695919.0,
741,210.0,sell,11212.79,BTC-25SEP20,11381.31,11384.0,1.0,1597177201499.0,87949759,1695920.0,
742,1400.0,sell,11212.79,BTC-25SEP20,11381.31,11384.0,1.0,1597177201507.0,87949762,1695921.0,
743,120.0,sell,11212.79,BTC-25SEP20,11381.31,11384.0,1.0,1597177201548.0,87949777,1695922.0,
744,110.0,sell,11212.79,BTC-25SEP20,11381.31,11384.0,1.0,1597177201603.0,87949778,1695923.0,
745,4890.0,sell,11212.79,BTC-25SEP20,11381.31,11384.0,1.0,1597177201606.0,87949779,1695924.0,
746,2190.0,sell,11212.79,BTC-25SEP20,11381.31,11384.0,1.0,1597177201749.0,87949782,1695925.0,
747,6980.0,sell,11212.79,BTC-25SEP20,11381.31,11384.0,1.0,1597177201763.0,87949783,1695926.0,
748,130.0,sell,11212.79,BTC-25SEP20,11381.31,11384.0,1.0,1597177201839.0,87949785,1695927.0,
749,150.0,sell,11212.79,BTC-25SEP20,11381.31,11384.0,1.0,1597177202002.0,87949787,1695928.0,
750,5500.0,sell,11212.79,BTC-25SEP20,11381.31,11384.0,1.0,1597177202009.0,87949788,1695929.0,
751,120.0,sell,11212.4,BTC-25SEP20,11380.92,11384.0,1.0,1597177202170.0,87949789,1695930.0,
752,2280.0,sell,11212.4,BTC-25SEP20,11381.12,11384.0,1.0,1597177202506.0,87949796,1695931.0,
753,1600.0,buy,11213.08,BTC-25SEP20,11381.94,11384.5,0.0,1597177203858.0,87949827,1695932.0,
754,4090.0,buy,11213.08,BTC-25SEP20,11381.94,11384.5,1.0,1597177203984.0,87949828,1695933.0,
755,11380.0,buy,11214.14,BTC-25SEP20,11383.0,11386.5,0.0,1597177204261.0,87949851,1695937.0,
756,20.0,buy,11213.09,BTC-25SEP20,11382.46,11388.0,0.0,1597177205848.0,87949928,1695939.0,
757,5000.0,buy,11211.89,BTC-25SEP20,11381.72,11389.0,0.0,1597177206571.0,87949956,1695941.0,
758,5000.0,buy,11211.89,BTC-25SEP20,11381.72,11394.5,0.0,1597177206996.0,87949992,1695942.0,
759,11220.0,buy,11217.28,BTC-25SEP20,11387.11,11389.0,2.0,1597177207105.0,87950000,1695943.0,
760,20.0,buy,11217.28,BTC-25SEP20,11387.11,11393.5,0.0,1597177207197.0,87950003,1695944.0,
761,800.0,sell,11222.93,BTC-25SEP20,11393.71,11394.5,0.0,1597177211019.0,87950054,1695945.0,
762,500.0,buy,11225.28,BTC-25SEP20,11396.12,11403.5,0.0,1597177214944.0,87950066,1695946.0,
763,2160.0,sell,11235.84,BTC-25SEP20,11407.83,11414.0,0.0,1597177218454.0,87950154,1695949.0,
764,3090.0,sell,11235.84,BTC-25SEP20,11407.83,11414.0,1.0,1597177218456.0,87950155,1695950.0,
765,2020.0,sell,11235.84,BTC-25SEP20,11407.83,11414.0,1.0,1597177218459.0,87950158,1695951.0,
766,4940.0,sell,11235.84,BTC-25SEP20,11407.83,11414.0,1.0,1597177218460.0,87950159,1695952.0,
767,5530.0,sell,11235.84,BTC-25SEP20,11407.83,11414.0,1.0,1597177218462.0,87950160,1695953.0,
768,1010.0,sell,11235.84,BTC-25SEP20,11407.83,11414.0,1.0,1597177218463.0,87950161,1695954.0,
769,1540.0,sell,11235.84,BTC-25SEP20,11407.83,11414.0,1.0,1597177218465.0,87950162,1695955.0,
770,3720.0,sell,11235.84,BTC-25SEP20,11407.83,11414.0,1.0,1597177218479.0,87950168,1695956.0,
771,2550.0,sell,11235.84,BTC-25SEP20,11407.83,11414.0,1.0,1597177218482.0,87950169,1695957.0,
772,5500.0,sell,11235.84,BTC-25SEP20,11407.83,11414.0,1.0,1597177218483.0,87950170,1695958.0,
773,2390.0,sell,11235.84,BTC-25SEP20,11407.83,11414.0,1.0,1597177218486.0,87950171,1695959.0,
774,1770.0,sell,11235.84,BTC-25SEP20,11407.83,11414.0,1.0,1597177218487.0,87950174,1695960.0,
775,6570.0,sell,11235.84,BTC-25SEP20,11407.83,11414.0,1.0,1597177218488.0,87950175,1695961.0,
776,2040.0,sell,11235.84,BTC-25SEP20,11407.83,11414.0,1.0,1597177218500.0,87950176,1695962.0,
777,5170.0,sell,11235.84,BTC-25SEP20,11407.83,11414.0,1.0,1597177218502.0,87950177,1695963.0,
778,2500.0,sell,11235.84,BTC-25SEP20,11407.83,11408.0,2.0,1597177218723.0,87950192,1695964.0,
779,2260.0,buy,11233.7,BTC-25SEP20,11405.69,11411.5,0.0,1597177219174.0,87950210,1695965.0,
780,5690.0,buy,11237.94,BTC-25SEP20,11410.63,11411.5,2.0,1597177224100.0,87950268,1695968.0,
781,10.0,buy,11237.94,BTC-25SEP20,11410.63,11411.5,3.0,1597177224110.0,87950269,1695969.0,
782,2390.0,buy,11238.71,BTC-25SEP20,11411.43,11411.5,2.0,1597177224347.0,87950280,1695971.0,
783,2640.0,buy,11238.71,BTC-25SEP20,11411.43,11411.5,3.0,1597177224359.0,87950281,1695972.0,
784,670.0,buy,11238.71,BTC-25SEP20,11411.43,11411.5,3.0,1597177224972.0,87950315,1695973.0,
785,4530.0,sell,11238.71,BTC-25SEP20,11411.43,11416.0,1.0,1597177225004.0,87950317,1695975.0,
786,2550.0,sell,11238.71,BTC-25SEP20,11411.43,11416.0,1.0,1597177225012.0,87950318,1695976.0,
787,2350.0,sell,11238.71,BTC-25SEP20,11411.43,11416.0,1.0,1597177225020.0,87950319,1695977.0,
788,4410.0,sell,11238.71,BTC-25SEP20,11411.43,11416.0,1.0,1597177225037.0,87950320,1695978.0,
789,2260.0,sell,11238.71,BTC-25SEP20,11411.43,11416.5,0.0,1597177225097.0,87950321,1695979.0,
790,2870.0,sell,11238.77,BTC-25SEP20,11411.82,11416.0,2.0,1597177225449.0,87950322,1695980.0,
791,2820.0,sell,11238.77,BTC-25SEP20,11411.82,11416.0,3.0,1597177226174.0,87950324,1695981.0,
792,3300.0,sell,11238.77,BTC-25SEP20,11411.82,11416.0,3.0,1597177226176.0,87950325,1695982.0,
793,3300.0,sell,11238.77,BTC-25SEP20,11411.82,11416.0,3.0,1597177226179.0,87950326,1695983.0,
794,4990.0,buy,11242.37,BTC-25SEP20,11416.44,11420.0,0.0,1597177235610.0,87950401,1695984.0,
795,460.0,sell,11247.62,BTC-25SEP20,11421.61,11418.5,2.0,1597177242327.0,87950429,1695985.0,
796,1660.0,sell,11243.43,BTC-25SEP20,11417.15,11418.5,3.0,1597177244469.0,87950503,1695986.0,
797,1600.0,sell,11240.88,BTC-25SEP20,11415.18,11416.0,2.0,1597177248570.0,87950520,1695987.0,
798,5710.0,buy,11240.88,BTC-25SEP20,11415.18,11420.0,0.0,1597177248668.0,87950521,1695988.0,
799,3170.0,sell,11240.88,BTC-25SEP20,11415.18,11420.0,1.0,1597177248745.0,87950523,1695990.0,
800,100.0,sell,11240.88,BTC-25SEP20,11415.18,11420.0,1.0,1597177248828.0,87950524,1695991.0,
801,2440.0,sell,11240.88,BTC-25SEP20,11415.18,11420.0,1.0,1597177248839.0,87950525,1695992.0,
802,3240.0,sell,11240.88,BTC-25SEP20,11415.18,11420.0,1.0,1597177248843.0,87950526,1695993.0,
803,460.0,sell,11240.88,BTC-25SEP20,11415.18,11420.0,1.0,1597177248847.0,87950527,1695994.0,
804,5540.0,sell,11240.88,BTC-25SEP20,11415.18,11420.0,1.0,1597177248886.0,87950528,1695995.0,
805,100.0,sell,11240.88,BTC-25SEP20,11415.18,11420.0,1.0,1597177248901.0,87950529,1695996.0,
806,7680.0,sell,11240.88,BTC-25SEP20,11415.18,11420.0,1.0,1597177249029.0,87950530,1695997.0,
807,1560.0,sell,11239.63,BTC-25SEP20,11415.23,11420.0,1.0,1597177252642.0,87950541,1695998.0,
808,2510.0,sell,11238.5,BTC-25SEP20,11414.24,11416.0,2.0,1597177253430.0,87950545,1695999.0,
809,390.0,sell,11238.5,BTC-25SEP20,11414.24,11416.0,3.0,1597177253448.0,87950546,1696000.0,
810,2500.0,sell,11238.5,BTC-25SEP20,11414.24,11416.0,3.0,1597177253449.0,87950547,1696001.0,
811,160.0,sell,11238.5,BTC-25SEP20,11414.24,11416.0,3.0,1597177253474.0,87950548,1696002.0,
812,10.0,sell,11238.5,BTC-25SEP20,11414.24,11416.0,3.0,1597177253539.0,87950549,1696003.0,
813,2730.0,sell,11238.5,BTC-25SEP20,11414.24,11416.0,3.0,1597177253638.0,87950550,1696004.0,
814,2730.0,sell,11238.5,BTC-25SEP20,11414.24,11416.0,3.0,1597177253904.0,87950561,1696005.0,
815,37370.0,sell,11238.5,BTC-25SEP20,11414.24,11416.0,3.0,1597177254054.0,87950562,1696006.0,
816,5700.0,buy,11236.65,BTC-25SEP20,11412.35,11413.5,2.0,1597177254975.0,87950572,1696007.0,
817,1000.0,sell,11234.1,BTC-25SEP20,11409.84,11410.0,2.0,1597177255607.0,87950582,1696011.0,
818,5700.0,buy,11232.43,BTC-25SEP20,11408.18,11410.0,3.0,1597177257404.0,87950611,1696012.0,
819,2500.0,buy,11232.43,BTC-25SEP20,11408.18,11411.5,0.0,1597177257405.0,87950612,1696013.0,
820,5000.0,buy,11232.43,BTC-25SEP20,11408.18,11412.0,0.0,1597177257427.0,87950619,1696014.0,
821,10.0,buy,11236.32,BTC-25SEP20,11412.07,11412.0,1.0,1597177257492.0,87950628,1696017.0,
822,1110.0,buy,11236.32,BTC-25SEP20,11412.07,11415.5,0.0,1597177257705.0,87950629,1696018.0,
823,360.0,buy,11236.32,BTC-25SEP20,11412.07,11415.5,1.0,1597177257708.0,87950630,1696019.0,
824,1000.0,buy,11236.32,BTC-25SEP20,11412.07,11416.0,0.0,1597177257730.0,87950631,1696020.0,
825,4230.0,buy,11236.32,BTC-25SEP20,11412.07,11416.5,0.0,1597177257771.0,87950642,1696021.0,
826,770.0,buy,11236.32,BTC-25SEP20,11412.07,11416.5,1.0,1597177257773.0,87950643,1696022.0,
827,400.0,buy,11236.32,BTC-25SEP20,11412.07,11419.0,0.0,1597177257865.0,87950649,1696023.0,
828,1500.0,buy,11236.32,BTC-25SEP20,11412.07,11420.5,0.0,1597177257895.0,87950656,1696024.0,
829,1500.0,buy,11236.32,BTC-25SEP20,11412.07,11420.5,1.0,1597177257904.0,87950661,1696025.0,
830,1590.0,buy,11240.54,BTC-25SEP20,11417.62,11423.0,0.0,1597177262686.0,87950740,1696026.0,
831,1100.0,buy,11246.48,BTC-25SEP20,11423.88,11422.0,2.0,1597177275911.0,87950789,1696027.0,
832,850.0,buy,11250.78,BTC-25SEP20,11427.01,11432.0,0.0,1597177282330.0,87950812,1696029.0,
833,5170.0,buy,11250.78,BTC-25SEP20,11427.01,11432.5,1.0,1597177282331.0,87950815,1696032.0,
834,3350.0,buy,11250.78,BTC-25SEP20,11427.37,11432.5,1.0,1597177282549.0,87950828,1696033.0,
835,3000.0,buy,11250.78,BTC-25SEP20,11427.37,11432.5,1.0,1597177282576.0,87950829,1696034.0,
836,2630.0,buy,11252.26,BTC-25SEP20,11428.85,11433.5,0.0,1597177282671.0,87950832,1696035.0,
837,1100.0,buy,11252.26,BTC-25SEP20,11428.85,11431.5,2.0,1597177282705.0,87950833,1696036.0,
838,100.0,buy,11258.23,BTC-25SEP20,11434.68,11431.5,3.0,1597177286875.0,87950880,1696038.0,
839,390.0,buy,11258.23,BTC-25SEP20,11434.68,11431.5,3.0,1597177286932.0,87950881,1696039.0,
840,100.0,buy,11258.23,BTC-25SEP20,11434.68,11431.5,3.0,1597177287040.0,87950883,1696041.0,
841,100.0,buy,11258.23,BTC-25SEP20,11434.68,11431.5,3.0,1597177287131.0,87950889,1696042.0,
842,2690.0,buy,11259.36,BTC-25SEP20,11433.9,11434.0,0.0,1597177305057.0,87950925,1696043.0,
843,250.0,buy,11271.74,BTC-25SEP20,11443.64,11444.5,0.0,1597177324284.0,87951065,1696045.0,
844,370.0,sell,11270.52,BTC-25SEP20,11442.47,11440.0,2.0,1597177325174.0,87951069,1696046.0,
845,850.0,sell,11269.73,BTC-25SEP20,11441.52,11439.0,2.0,1597177326068.0,87951097,1696047.0,
846,2500.0,sell,11260.91,BTC-25SEP20,11435.24,11431.0,2.0,1597177350657.0,87951234,1696048.0,
847,1100.0,buy,11262.93,BTC-25SEP20,11434.53,11436.0,0.0,1597177364975.0,87951321,1696050.0,
848,500.0,sell,11264.46,BTC-25SEP20,11436.88,11436.0,2.0,1597177385151.0,87951351,1696052.0,
849,1000.0,sell,11264.46,BTC-25SEP20,11436.88,11434.5,2.0,1597177385174.0,87951364,1696056.0,
850,5000.0,buy,11264.47,BTC-25SEP20,11436.45,11438.0,0.0,1597177388147.0,87951367,1696057.0,
851,1080.0,buy,11266.06,BTC-25SEP20,11438.18,11438.5,1.0,1597177389702.0,87951370,1696060.0,
852,5710.0,buy,11267.09,BTC-25SEP20,11438.87,11439.5,0.0,1597177401141.0,87951378,1696061.0,
853,1000.0,sell,11267.09,BTC-25SEP20,11438.87,11436.5,2.0,1597177401211.0,87951391,1696062.0,
854,3000.0,sell,11267.09,BTC-25SEP20,11438.87,11436.5,3.0,1597177401225.0,87951392,1696063.0,
855,5710.0,buy,11268.03,BTC-25SEP20,11439.81,11439.5,0.0,1597177401469.0,87951397,1696068.0,
856,5000.0,buy,11271.12,BTC-25SEP20,11442.11,11442.5,0.0,1597177408600.0,87951423,1696070.0,
857,500.0,buy,11274.95,BTC-25SEP20,11445.41,11446.5,0.0,1597177418849.0,87951470,1696072.0,
858,150.0,sell,11278.44,BTC-25SEP20,11449.17,11448.5,0.0,1597177425113.0,87951500,1696074.0,
859,500.0,sell,11276.42,BTC-25SEP20,11447.07,11444.0,2.0,1597177428983.0,87951511,1696075.0,
860,1040.0,buy,11281.78,BTC-25SEP20,11448.33,11446.5,0.0,1597177462266.0,87951578,1696077.0,
861,60.0,buy,11281.78,BTC-25SEP20,11448.33,11446.5,1.0,1597177462445.0,87951597,1696078.0,
862,230.0,buy,11283.11,BTC-25SEP20,11449.37,11448.0,0.0,1597177464795.0,87951606,1696080.0,
863,100.0,buy,11284.31,BTC-25SEP20,11450.67,11451.0,0.0,1597177470692.0,87951641,1696082.0,
864,400.0,buy,11284.31,BTC-25SEP20,11450.67,11451.0,1.0,1597177470723.0,87951648,1696083.0,
865,500.0,buy,11284.31,BTC-25SEP20,11450.67,11457.0,0.0,1597177470831.0,87951657,1696085.0,
866,100.0,buy,11289.79,BTC-25SEP20,11457.2,11457.5,1.0,1597177477312.0,87951718,1696087.0,
867,620.0,buy,11290.61,BTC-25SEP20,11458.02,11457.5,1.0,1597177479528.0,87951749,1696088.0,
868,610.0,sell,11292.88,BTC-25SEP20,11460.77,11461.0,0.0,1597177488666.0,87951792,1696090.0,
869,500.0,sell,11291.61,BTC-25SEP20,11459.6,11459.0,2.0,1597177489659.0,87951802,1696091.0,
870,2500.0,sell,11291.61,BTC-25SEP20,11459.6,11457.5,2.0,1597177489812.0,87951816,1696092.0,
871,3300.0,sell,11291.61,BTC-25SEP20,11459.6,11454.5,2.0,1597177489957.0,87951825,1696093.0,
872,500.0,sell,11287.0,BTC-25SEP20,11454.81,11447.5,2.0,1597177491892.0,87951852,1696094.0,
873,390.0,sell,11283.45,BTC-25SEP20,11449.93,11444.5,2.0,1597177496740.0,87951900,1696095.0,
874,50.0,sell,11273.87,BTC-25SEP20,11441.08,11437.0,2.0,1597177535967.0,87951982,1696096.0,
875,490.0,sell,11273.98,BTC-25SEP20,11441.11,11440.0,0.0,1597177536935.0,87951989,1696097.0,
876,2010.0,sell,11273.98,BTC-25SEP20,11441.11,11440.0,1.0,1597177536986.0,87951990,1696098.0,
877,500.0,sell,11271.01,BTC-25SEP20,11438.91,11436.5,2.0,1597177542142.0,87952035,1696100.0,
878,2280.0,sell,11267.02,BTC-25SEP20,11434.78,11435.0,3.0,1597177546260.0,87952088,1696103.0,
879,2280.0,sell,11266.83,BTC-25SEP20,11434.62,11435.0,3.0,1597177547258.0,87952108,1696104.0,
880,3000.0,sell,11265.05,BTC-25SEP20,11432.98,11431.5,2.0,1597177548423.0,87952158,1696105.0,
881,3000.0,sell,11265.05,BTC-25SEP20,11432.98,11431.5,3.0,1597177548425.0,87952159,1696106.0,
882,3000.0,sell,11265.05,BTC-25SEP20,11432.98,11431.5,3.0,1597177548427.0,87952160,1696107.0,
883,3000.0,sell,11265.05,BTC-25SEP20,11432.98,11431.5,3.0,1597177548431.0,87952161,1696108.0,
884,3000.0,sell,11265.05,BTC-25SEP20,11432.98,11431.5,3.0,1597177548433.0,87952162,1696109.0,
885,1100.0,buy,11265.56,BTC-25SEP20,11433.43,11431.5,3.0,1597177552629.0,87952181,1696110.0,
886,3000.0,buy,11266.95,BTC-25SEP20,11435.31,11436.5,0.0,1597177558568.0,87952195,1696111.0,
887,3510.0,buy,11266.95,BTC-25SEP20,11435.31,11437.5,0.0,1597177558714.0,87952209,1696113.0,
888,2200.0,buy,11266.95,BTC-25SEP20,11435.45,11437.5,1.0,1597177558733.0,87952211,1696114.0,
889,1100.0,buy,11277.39,BTC-25SEP20,11445.43,11445.0,0.0,1597177580351.0,87952287,1696116.0,
890,500.0,buy,11277.47,BTC-25SEP20,11445.48,11445.5,0.0,1597177581365.0,87952288,1696117.0,
891,2500.0,sell,11276.9,BTC-25SEP20,11445.08,11445.0,2.0,1597177597089.0,87952318,1696118.0,
892,1600.0,sell,11276.25,BTC-25SEP20,11444.71,11445.0,3.0,1597177610374.0,87952328,1696120.0,
893,3000.0,sell,11271.76,BTC-25SEP20,11440.78,11439.5,2.0,1597177616394.0,87952342,1696121.0,
894,500.0,sell,11269.05,BTC-25SEP20,11437.87,11435.0,2.0,1597177619693.0,87952354,1696123.0,
895,950.0,sell,11267.63,BTC-25SEP20,11435.93,11434.5,2.0,1597177624326.0,87952362,1696125.0,
896,240.0,buy,11271.65,BTC-25SEP20,11440.18,11444.5,0.0,1597177631452.0,87952378,1696127.0,
897,3000.0,buy,11271.65,BTC-25SEP20,11440.18,11444.5,1.0,1597177631461.0,87952379,1696128.0,
898,70.0,buy,11271.65,BTC-25SEP20,11440.18,11445.5,0.0,1597177631540.0,87952383,1696129.0,
899,350.0,buy,11271.65,BTC-25SEP20,11440.18,11445.5,1.0,1597177631551.0,87952384,1696130.0,
900,240.0,buy,11271.65,BTC-25SEP20,11440.18,11445.5,1.0,1597177631592.0,87952392,1696134.0,
901,20.0,buy,11271.65,BTC-25SEP20,11440.52,11445.5,1.0,1597177631839.0,87952396,1696135.0,
902,670.0,buy,11271.65,BTC-25SEP20,11440.52,11445.5,1.0,1597177631962.0,87952397,1696136.0,
903,240.0,buy,11271.65,BTC-25SEP20,11440.52,11447.0,0.0,1597177631964.0,87952398,1696137.0,
904,2940.0,buy,11275.14,BTC-25SEP20,11444.01,11450.0,0.0,1597177632107.0,87952399,1696138.0,
905,60.0,buy,11275.14,BTC-25SEP20,11444.01,11453.0,0.0,1597177632375.0,87952420,1696139.0,
906,3140.0,buy,11285.0,BTC-25SEP20,11455.34,11456.0,0.0,1597177638977.0,87952484,1696140.0,
907,670.0,sell,11275.97,BTC-25SEP20,11448.35,11444.5,2.0,1597177688732.0,87952596,1696141.0,
908,2010.0,sell,11273.73,BTC-25SEP20,11445.44,11440.0,2.0,1597177691935.0,87952607,1696142.0,
909,1100.0,buy,11270.87,BTC-25SEP20,11441.36,11443.0,0.0,1597177709503.0,87952632,1696143.0,
910,630.0,buy,11272.35,BTC-25SEP20,11442.85,11443.0,1.0,1597177710481.0,87952639,1696145.0,
911,1620.0,sell,11277.47,BTC-25SEP20,11447.78,11447.5,0.0,1597177725340.0,87952662,1696146.0,
912,2500.0,sell,11262.54,BTC-25SEP20,11433.54,11429.5,2.0,1597177786773.0,87952836,1696148.0,
913,5000.0,sell,11262.05,BTC-25SEP20,11430.56,11426.0,2.0,1597177799067.0,87952839,1696151.0,
914,1790.0,sell,11253.28,BTC-25SEP20,11420.61,11417.0,2.0,1597177830309.0,87952923,1696152.0,
915,1100.0,buy,11246.75,BTC-25SEP20,11413.85,11413.5,2.0,1597177838772.0,87952955,1696153.0,
916,500.0,buy,11249.86,BTC-25SEP20,11416.62,11419.5,0.0,1597177859607.0,87952998,1696154.0,
917,8490.0,sell,11252.59,BTC-25SEP20,11419.44,11419.0,2.0,1597177865691.0,87953015,1696155.0,
918,2520.0,sell,11252.59,BTC-25SEP20,11419.44,11419.0,3.0,1597177865706.0,87953019,1696156.0,
919,3740.0,sell,11252.59,BTC-25SEP20,11419.44,11419.0,3.0,1597177865707.0,87953020,1696157.0,
920,2500.0,sell,11252.59,BTC-25SEP20,11419.44,11419.0,3.0,1597177865718.0,87953021,1696158.0,
921,2800.0,sell,11252.59,BTC-25SEP20,11419.44,11419.0,3.0,1597177865734.0,87953022,1696159.0,
922,400.0,sell,11252.59,BTC-25SEP20,11419.44,11419.0,3.0,1597177865986.0,87953023,1696160.0,
923,2440.0,sell,11252.59,BTC-25SEP20,11419.44,11419.0,3.0,1597177865998.0,87953025,1696162.0,
924,3550.0,sell,11252.59,BTC-25SEP20,11419.44,11419.0,3.0,1597177866009.0,87953026,1696163.0,
925,500.0,buy,11250.33,BTC-25SEP20,11417.27,11419.5,0.0,1597177867217.0,87953029,1696164.0,
926,2500.0,sell,11245.54,BTC-25SEP20,11414.37,11407.0,2.0,1597177883189.0,87953078,1696165.0,
927,2100.0,sell,11245.54,BTC-25SEP20,11414.37,11406.0,3.0,1597177883195.0,87953080,1696167.0,
928,1600.0,sell,11245.54,BTC-25SEP20,11414.37,11414.5,0.0,1597177883388.0,87953083,1696168.0,
929,950.0,sell,11244.98,BTC-25SEP20,11413.81,11414.5,1.0,1597177883989.0,87953084,1696169.0,
930,710.0,sell,11239.27,BTC-25SEP20,11406.5,11400.0,2.0,1597177889962.0,87953111,1696170.0,
931,2540.0,buy,11234.85,BTC-25SEP20,11399.76,11402.5,0.0,1597177898577.0,87953154,1696173.0,
932,370.0,sell,11233.47,BTC-25SEP20,11399.3,11402.5,2.0,1597177901736.0,87953194,1696180.0,
933,1100.0,buy,11235.0,BTC-25SEP20,11401.14,11402.5,0.0,1597177904772.0,87953208,1696183.0,
934,5000.0,buy,11235.0,BTC-25SEP20,11401.14,11403.0,0.0,1597177904782.0,87953210,1696185.0,
935,3490.0,sell,11235.78,BTC-25SEP20,11402.28,11405.5,0.0,1597177911027.0,87953242,1696188.0,
936,2210.0,sell,11235.78,BTC-25SEP20,11402.28,11405.5,1.0,1597177911035.0,87953243,1696189.0,
937,2360.0,sell,11235.78,BTC-25SEP20,11402.28,11404.5,2.0,1597177911055.0,87953244,1696190.0,
938,2360.0,sell,11235.78,BTC-25SEP20,11402.28,11404.5,3.0,1597177911057.0,87953245,1696191.0,
939,2730.0,sell,11235.78,BTC-25SEP20,11402.28,11404.5,3.0,1597177911059.0,87953246,1696192.0,
940,2500.0,sell,11235.78,BTC-25SEP20,11402.28,11404.5,3.0,1597177911062.0,87953247,1696193.0,
941,1450.0,sell,11235.78,BTC-25SEP20,11402.28,11404.5,3.0,1597177911065.0,87953248,1696194.0,
942,500.0,sell,11231.82,BTC-25SEP20,11398.49,11390.0,2.0,1597177915683.0,87953281,1696195.0,
943,2540.0,sell,11228.35,BTC-25SEP20,11393.74,11391.5,0.0,1597177918370.0,87953303,1696198.0,
944,380.0,sell,11223.61,BTC-25SEP20,11388.47,11384.5,2.0,1597177920401.0,87953335,1696199.0,
945,500.0,sell,11217.51,BTC-25SEP20,11381.7,11377.5,2.0,1597177924403.0,87953405,1696200.0,
946,500.0,sell,11217.51,BTC-25SEP20,11381.7,11375.5,0.0,1597177924855.0,87953435,1696203.0,
947,720.0,sell,11217.51,BTC-25SEP20,11381.7,11375.5,1.0,1597177924858.0,87953441,1696205.0,
948,2280.0,sell,11217.51,BTC-25SEP20,11381.7,11375.0,2.0,1597177924875.0,87953442,1696206.0,
949,500.0,sell,11217.51,BTC-25SEP20,11381.7,11366.0,2.0,1597177924960.0,87953464,1696207.0,
950,550.0,buy,11216.33,BTC-25SEP20,11379.58,11372.5,0.0,1597177925499.0,87953529,1696209.0,
951,370.0,buy,11216.33,BTC-25SEP20,11379.58,11374.0,2.0,1597177925893.0,87953567,1696212.0,
952,2540.0,buy,11216.33,BTC-25SEP20,11379.58,11378.0,0.0,1597177925987.0,87953573,1696213.0,
953,10.0,buy,11214.88,BTC-25SEP20,11378.13,11378.0,1.0,1597177926189.0,87953582,1696215.0,
954,710.0,sell,11216.94,BTC-25SEP20,11380.61,11376.0,2.0,1597177928290.0,87953648,1696217.0,
955,260.0,sell,11214.6,BTC-25SEP20,11378.57,11380.5,0.0,1597177933424.0,87953729,1696219.0,
956,210.0,sell,11214.6,BTC-25SEP20,11378.57,11379.0,2.0,1597177933437.0,87953734,1696221.0,
957,2730.0,sell,11214.51,BTC-25SEP20,11378.56,11380.0,0.0,1597177937545.0,87953826,1696224.0,
958,2730.0,sell,11214.51,BTC-25SEP20,11378.56,11380.0,1.0,1597177938155.0,87953839,1696225.0,
959,1100.0,buy,11213.11,BTC-25SEP20,11377.77,11382.5,0.0,1597177941884.0,87953896,1696226.0,
960,520.0,buy,11216.13,BTC-25SEP20,11382.06,11388.5,0.0,1597177946665.0,87953957,1696227.0,
961,1000.0,sell,11213.81,BTC-25SEP20,11380.96,11380.0,2.0,1597177950821.0,87954015,1696228.0,
962,450.0,sell,11213.34,BTC-25SEP20,11380.43,11373.5,2.0,1597177951430.0,87954025,1696229.0,
963,100.0,sell,11211.42,BTC-25SEP20,11376.6,11375.5,0.0,1597177957573.0,87954110,1696232.0,
964,300.0,sell,11207.6,BTC-25SEP20,11372.81,11375.5,1.0,1597177960438.0,87954171,1696233.0,
965,50.0,sell,11202.25,BTC-25SEP20,11367.32,11365.0,2.0,1597177963541.0,87954345,1696234.0,
966,50.0,sell,11202.25,BTC-25SEP20,11367.32,11356.0,2.0,1597177963601.0,87954370,1696235.0,
967,500.0,sell,11195.61,BTC-25SEP20,11359.12,11356.5,0.0,1597177967071.0,87954513,1696236.0,
968,40.0,sell,11195.92,BTC-25SEP20,11359.26,11362.5,0.0,1597177967905.0,87954548,1696237.0,
969,250.0,sell,11190.15,BTC-25SEP20,11354.43,11356.5,2.0,1597177974038.0,87954659,1696238.0,
970,510.0,sell,11190.15,BTC-25SEP20,11354.43,11351.0,3.0,1597177974040.0,87954662,1696241.0,
971,240.0,sell,11188.48,BTC-25SEP20,11352.54,11351.0,3.0,1597177974537.0,87954707,1696242.0,
972,30.0,sell,11188.48,BTC-25SEP20,11352.54,11344.5,2.0,1597177974802.0,87954738,1696244.0,
973,480.0,sell,11177.4,BTC-25SEP20,11340.71,11339.5,2.0,1597177983759.0,87954921,1696245.0,
974,3000.0,buy,11168.87,BTC-25SEP20,11332.89,11335.5,2.0,1597177992080.0,87955095,1696247.0,
975,1100.0,buy,11168.87,BTC-25SEP20,11332.89,11336.0,0.0,1597177992081.0,87955096,1696248.0,
976,480.0,buy,11168.87,BTC-25SEP20,11333.09,11341.0,0.0,1597177992554.0,87955116,1696250.0,
977,8230.0,buy,11168.87,BTC-25SEP20,11333.09,11341.5,0.0,1597177992566.0,87955117,1696251.0,
978,770.0,buy,11168.87,BTC-25SEP20,11333.09,11341.5,1.0,1597177992568.0,87955118,1696252.0,
979,1970.0,buy,11169.53,BTC-25SEP20,11333.75,11344.5,0.0,1597177993198.0,87955132,1696253.0,
980,1430.0,buy,11169.53,BTC-25SEP20,11333.75,11344.5,1.0,1597177993201.0,87955133,1696254.0,
981,1840.0,buy,11169.53,BTC-25SEP20,11333.75,11344.5,1.0,1597177993205.0,87955134,1696255.0,
982,1410.0,buy,11169.53,BTC-25SEP20,11333.75,11344.5,1.0,1597177993215.0,87955135,1696256.0,
983,2350.0,buy,11169.53,BTC-25SEP20,11333.75,11344.5,1.0,1597177993215.0,87955136,1696257.0,
984,820.0,buy,11176.85,BTC-25SEP20,11343.46,11352.5,0.0,1597177997541.0,87955269,1696258.0,
985,200.0,buy,11183.36,BTC-25SEP20,11350.79,11355.0,0.0,1597178005699.0,87955427,1696259.0,
986,20.0,buy,11179.81,BTC-25SEP20,11349.74,11352.0,2.0,1597178015963.0,87955500,1696260.0,
987,990.0,sell,11180.55,BTC-25SEP20,11350.66,11347.5,2.0,1597178016960.0,87955507,1696262.0,
988,500.0,buy,11181.19,BTC-25SEP20,11350.22,11352.5,0.0,1597178023200.0,87955550,1696264.0,
989,5320.0,buy,11181.19,BTC-25SEP20,11350.22,11352.5,1.0,1597178023203.0,87955553,1696267.0,
990,1600.0,buy,11181.19,BTC-25SEP20,11350.22,11352.5,1.0,1597178023237.0,87955560,1696268.0,
991,2390.0,buy,11181.19,BTC-25SEP20,11350.37,11352.5,1.0,1597178023330.0,87955561,1696269.0,
992,470.0,buy,11183.77,BTC-25SEP20,11352.84,11354.0,0.0,1597178027598.0,87955581,1696270.0,
993,2500.0,sell,11189.6,BTC-25SEP20,11357.91,11358.0,0.0,1597178046959.0,87955637,1696271.0,
994,500.0,sell,11189.6,BTC-25SEP20,11357.91,11358.0,1.0,1597178046964.0,87955638,1696272.0,
995,680.0,sell,11188.43,BTC-25SEP20,11356.86,11357.0,2.0,1597178048798.0,87955663,1696273.0,
996,2220.0,sell,11184.12,BTC-25SEP20,11353.54,11351.0,2.0,1597178053455.0,87955693,1696274.0,
997,2500.0,sell,11181.44,BTC-25SEP20,11350.42,11344.0,0.0,1597178054413.0,87955716,1696279.0,
998,1200.0,sell,11172.51,BTC-25SEP20,11340.89,11336.0,2.0,1597178058708.0,87955793,1696282.0,
999,40.0,sell,11171.3,BTC-25SEP20,11339.34,11334.0,2.0,1597178059699.0,87955800,1696283.0,
1000,50.0,sell,11166.41,BTC-25SEP20,11334.25,11333.5,2.0,1597178061839.0,87955818,1696284.0,
1001,50.0,sell,11166.1,BTC-25SEP20,11333.94,11333.0,2.0,1597178062333.0,87955827,1696285.0,
1002,200.0,sell,11165.17,BTC-25SEP20,11332.83,11326.5,2.0,1597178063858.0,87955837,1696286.0,
1003,850.0,buy,11163.16,BTC-25SEP20,11330.54,11327.0,0.0,1597178065077.0,87955846,1696287.0,
1004,1240.0,buy,11162.72,BTC-25SEP20,11329.87,11326.5,2.0,1597178065941.0,87955852,1696289.0,
1005,240.0,buy,11163.29,BTC-25SEP20,11330.18,11326.5,3.0,1597178066389.0,87955862,1696290.0,
1006,3620.0,buy,11163.29,BTC-25SEP20,11330.18,11330.5,0.0,1597178066518.0,87955882,1696292.0,
1007,2040.0,buy,11163.29,BTC-25SEP20,11330.18,11330.5,1.0,1597178066552.0,87955890,1696293.0,
1008,4750.0,buy,11163.29,BTC-25SEP20,11330.18,11330.5,1.0,1597178066564.0,87955894,1696296.0,
1009,3500.0,buy,11163.29,BTC-25SEP20,11330.18,11330.5,1.0,1597178066570.0,87955896,1696297.0,
1010,2390.0,buy,11163.29,BTC-25SEP20,11330.18,11330.5,1.0,1597178066578.0,87955897,1696298.0,
1011,850.0,buy,11163.29,BTC-25SEP20,11330.18,11334.0,0.0,1597178066705.0,87955899,1696299.0,
1012,5660.0,buy,11165.36,BTC-25SEP20,11332.36,11331.0,2.0,1597178067411.0,87955917,1696300.0,
1013,4990.0,buy,11165.36,BTC-25SEP20,11332.36,11335.0,0.0,1597178067603.0,87955929,1696302.0,
1014,10.0,buy,11165.36,BTC-25SEP20,11332.36,11335.0,1.0,1597178067613.0,87955930,1696303.0,
1015,1040.0,buy,11165.36,BTC-25SEP20,11332.36,11338.5,0.0,1597178067682.0,87955938,1696304.0,
1016,50.0,sell,11165.22,BTC-25SEP20,11333.05,11332.5,2.0,1597178075154.0,87956052,1696305.0,
1017,2090.0,sell,11163.77,BTC-25SEP20,11331.66,11330.5,2.0,1597178075474.0,87956055,1696306.0,
1018,500.0,sell,11163.77,BTC-25SEP20,11331.66,11326.5,2.0,1597178076165.0,87956100,1696307.0,
1019,2710.0,sell,11163.12,BTC-25SEP20,11330.72,11326.0,2.0,1597178076852.0,87956116,1696308.0,
1020,2710.0,sell,11163.12,BTC-25SEP20,11330.72,11326.0,3.0,1597178076853.0,87956117,1696309.0,
1021,240.0,sell,11163.12,BTC-25SEP20,11330.72,11326.0,3.0,1597178076855.0,87956118,1696310.0,
1022,2710.0,sell,11163.12,BTC-25SEP20,11330.72,11326.0,3.0,1597178076857.0,87956120,1696312.0,
1023,2710.0,sell,11163.12,BTC-25SEP20,11330.72,11326.0,3.0,1597178076859.0,87956121,1696313.0,
1024,2710.0,sell,11163.12,BTC-25SEP20,11330.72,11326.0,3.0,1597178076861.0,87956122,1696314.0,
1025,720.0,sell,11163.12,BTC-25SEP20,11330.72,11326.0,3.0,1597178076863.0,87956123,1696315.0,
1026,500.0,sell,11163.12,BTC-25SEP20,11330.72,11324.0,2.0,1597178076899.0,87956124,1696316.0,
1027,5580.0,sell,11163.12,BTC-25SEP20,11330.72,11325.0,0.0,1597178077133.0,87956160,1696318.0,
1028,2130.0,sell,11163.12,BTC-25SEP20,11330.72,11325.0,1.0,1597178077135.0,87956161,1696319.0,
1029,3610.0,sell,11163.12,BTC-25SEP20,11330.72,11325.0,1.0,1597178077136.0,87956162,1696320.0,
1030,1050.0,sell,11163.12,BTC-25SEP20,11330.72,11323.0,2.0,1597178077164.0,87956166,1696322.0,
1031,210.0,buy,11160.28,BTC-25SEP20,11327.59,11321.0,2.0,1597178077802.0,87956201,1696323.0,
1032,40.0,sell,11160.28,BTC-25SEP20,11327.59,11319.0,2.0,1597178077807.0,87956202,1696324.0,
1033,960.0,buy,11160.28,BTC-25SEP20,11327.59,11318.0,2.0,1597178077812.0,87956204,1696325.0,
1034,2520.0,sell,11158.33,BTC-25SEP20,11324.97,11323.5,0.0,1597178079857.0,87956250,1696327.0,
1035,500.0,buy,11157.99,BTC-25SEP20,11324.47,11323.5,1.0,1597178081961.0,87956275,1696328.0,
1036,2510.0,buy,11155.63,BTC-25SEP20,11322.47,11318.5,2.0,1597178086752.0,87956300,1696329.0,
1037,10.0,buy,11155.63,BTC-25SEP20,11322.47,11318.5,3.0,1597178086777.0,87956301,1696330.0,
1038,3630.0,buy,11155.63,BTC-25SEP20,11322.47,11323.5,0.0,1597178086994.0,87956307,1696331.0,
1039,2030.0,buy,11155.63,BTC-25SEP20,11322.47,11323.5,1.0,1597178087031.0,87956308,1696332.0,
1040,1560.0,buy,11155.63,BTC-25SEP20,11322.47,11323.5,1.0,1597178087206.0,87956324,1696334.0,
1041,1590.0,buy,11155.19,BTC-25SEP20,11322.13,11326.0,0.0,1597178087832.0,87956351,1696335.0,
1042,550.0,buy,11156.94,BTC-25SEP20,11324.25,11329.0,0.0,1597178090545.0,87956392,1696336.0,
1043,850.0,sell,11160.6,BTC-25SEP20,11328.46,11330.0,0.0,1597178099654.0,87956497,1696338.0,
1044,5660.0,sell,11160.6,BTC-25SEP20,11328.46,11329.5,2.0,1597178099659.0,87956498,1696339.0,
1045,590.0,sell,11160.6,BTC-25SEP20,11328.46,11328.5,2.0,1597178099662.0,87956499,1696340.0,
1046,850.0,sell,11160.6,BTC-25SEP20,11328.46,11330.5,0.0,1597178099737.0,87956501,1696341.0,
1047,4150.0,sell,11160.6,BTC-25SEP20,11328.46,11327.0,2.0,1597178100137.0,87956504,1696342.0,
1048,160.0,sell,11159.79,BTC-25SEP20,11327.45,11323.5,2.0,1597178101735.0,87956507,1696343.0,
1049,850.0,buy,11154.29,BTC-25SEP20,11320.87,11317.0,2.0,1597178105686.0,87956562,1696344.0,
1050,340.0,buy,11155.68,BTC-25SEP20,11321.74,11325.0,0.0,1597178107868.0,87956614,1696346.0,
1051,8760.0,buy,11155.68,BTC-25SEP20,11321.74,11326.0,1.0,1597178107870.0,87956617,1696348.0,
1052,2000.0,buy,11156.99,BTC-25SEP20,11323.24,11330.0,0.0,1597178109033.0,87956631,1696350.0,
1053,2500.0,buy,11156.99,BTC-25SEP20,11323.24,11331.5,0.0,1597178109072.0,87956644,1696352.0,
1054,3810.0,buy,11156.99,BTC-25SEP20,11323.24,11333.0,0.0,1597178109140.0,87956654,1696353.0,
1055,1190.0,buy,11156.99,BTC-25SEP20,11323.24,11333.0,1.0,1597178109148.0,87956658,1696354.0,
1056,30.0,buy,11156.99,BTC-25SEP20,11323.24,11333.0,1.0,1597178109150.0,87956660,1696356.0,
1057,10.0,buy,11156.99,BTC-25SEP20,11323.24,11333.0,1.0,1597178109250.0,87956665,1696358.0,
1058,20.0,buy,11156.99,BTC-25SEP20,11323.24,11332.5,2.0,1597178109253.0,87956667,1696360.0,
1059,2470.0,buy,11156.99,BTC-25SEP20,11323.24,11335.5,1.0,1597178109254.0,87956669,1696362.0,
1060,120.0,sell,11164.7,BTC-25SEP20,11331.78,11348.5,0.0,1597178110805.0,87956733,1696363.0,
1061,820.0,buy,11164.44,BTC-25SEP20,11332.94,11342.5,2.0,1597178113223.0,87956804,1696364.0,
1062,240.0,buy,11166.59,BTC-25SEP20,11335.7,11342.5,3.0,1597178113521.0,87956806,1696365.0,
1063,40.0,buy,11166.59,BTC-25SEP20,11335.7,11342.5,3.0,1597178113692.0,87956808,1696366.0,
1064,1590.0,sell,11169.31,BTC-25SEP20,11338.86,11342.5,3.0,1597178114836.0,87956813,1696368.0,
1065,1580.0,buy,11176.52,BTC-25SEP20,11346.21,11349.0,0.0,1597178120915.0,87956844,1696369.0,
1066,6750.0,buy,11176.52,BTC-25SEP20,11346.21,11349.0,1.0,1597178120917.0,87956845,1696370.0,
1067,2840.0,buy,11176.52,BTC-25SEP20,11346.21,11349.0,1.0,1597178120921.0,87956846,1696371.0,
1068,10.0,sell,11180.72,BTC-25SEP20,11351.15,11353.5,0.0,1597178123933.0,87956905,1696372.0,
1069,560.0,buy,11188.81,BTC-25SEP20,11358.67,11364.0,0.0,1597178135804.0,87956973,1696373.0,
1070,490.0,sell,11191.08,BTC-25SEP20,11361.4,11363.0,2.0,1597178138343.0,87956978,1696374.0,
1071,1650.0,sell,11189.69,BTC-25SEP20,11360.11,11361.0,2.0,1597178139202.0,87956987,1696375.0,
1072,6000.0,sell,11189.69,BTC-25SEP20,11360.11,11360.5,2.0,1597178139213.0,87956988,1696376.0,
